<?xml version="1.0" encoding="UTF-8"?>
<!DOCTYPE html PUBLIC "-//W3C//DTD XHTML 1.0 Transitional//EN"
    "http://www.w3.org/TR/xhtml1/DTD/xhtml1-transitional.dtd">
<html xmlns="http://www.w3.org/1999/xhtml" xml:lang="en" lang="en">
 <head>
  <title>
</title>
<meta http-equiv="Content-Type" content="text/html;charset=utf-8" />
  <meta name='ocr-system' content='tesseract 3.04.00' />
  <meta name='ocr-capabilities' content='ocr_page ocr_carea ocr_par ocr_line ocrx_word'/>
</head>
<body>
  <div class='ocr_page' id='page_1' title='image "./4768549_0032.png"; bbox 0 0 2152 2691; ppageno 0'>
   <div class='ocr_carea' id='block_1_1' title="bbox 862 68 1181 114">
    <p class='ocr_par' dir='ltr' id='par_1_1' title="bbox 862 68 1181 114">
     <span class='ocr_line' id='line_1_1' title="bbox 862 68 1181 114; baseline 0 -9"><span class='ocrx_word' id='word_1_1' title='bbox 862 68 1181 114; x_wconf 76' lang='lat'>—25-</span> 
     </span>
    </p>
   </div>
   <div class='ocr_carea' id='block_1_2' title="bbox 67 193 1981 498">
    <p class='ocr_par' dir='ltr' id='par_1_2' title="bbox 67 193 1981 498">
     <span class='ocr_line' id='line_1_2' title="bbox 69 193 1979 251; baseline -0.004 -10"><span class='ocrx_word' id='word_1_2' title='bbox 69 202 362 246; x_wconf 83' lang='lat' dir='ltr'><strong>commercium,</strong></span> <span class='ocrx_word' id='word_1_3' title='bbox 400 209 514 248; x_wconf 85' lang='lat' dir='ltr'><strong>quam</strong></span> <span class='ocrx_word' id='word_1_4' title='bbox 554 206 662 232; x_wconf 78' lang='lat' dir='ltr'><strong>mera</strong></span> <span class='ocrx_word' id='word_1_5' title='bbox 695 193 810 232; x_wconf 73' lang='lat' dir='ltr'><strong>fuma-</strong></span> <span class='ocrx_word' id='word_1_6' title='bbox 863 193 1105 251; x_wconf 79' lang='lat' dir='ltr'><strong>Quamquam</strong></span> <span class='ocrx_word' id='word_1_7' title='bbox 1137 195 1236 233; x_wconf 85' lang='lat' dir='ltr'><strong>enim</strong></span> <span class='ocrx_word' id='word_1_8' title='bbox 1266 195 1307 232; x_wconf 88' lang='lat' dir='ltr'><strong>id</strong></span> <span class='ocrx_word' id='word_1_9' title='bbox 1339 195 1540 246; x_wconf 80' lang='lat' dir='ltr'><strong>proprium</strong></span> <span class='ocrx_word' id='word_1_10' title='bbox 1572 194 1804 246; x_wconf 63' lang='lat' dir='ltr'><strong>hyperbolen</strong></span> <span class='ocrx_word' id='word_1_11' title='bbox 1836 202 1908 242; x_wconf 77' lang='lat' dir='ltr'><strong>est,</strong></span> <span class='ocrx_word' id='word_1_12' title='bbox 1932 201 1979 233; x_wconf 78' lang='lat' dir='ltr'><strong>ut</strong></span> 
     </span>
     <span class='ocr_line' id='line_1_3' title="bbox 67 245 1979 297; baseline -0.006 -4"><span class='ocrx_word' id='word_1_13' title='bbox 67 246 234 293; x_wconf 73' lang='lat' dir='ltr'><strong>veritatis</strong></span> <span class='ocrx_word' id='word_1_14' title='bbox 260 251 419 288; x_wconf 88' lang='lat' dir='ltr'><strong>modum</strong></span> <span class='ocrx_word' id='word_1_15' title='bbox 446 246 620 295; x_wconf 82' lang='lat' dir='ltr'>excedat,</span> <span class='ocrx_word' id='word_1_16' title='bbox 645 253 772 282; x_wconf 85' lang='lat' dir='ltr'><strong>tamen</strong></span> <span class='ocrx_word' id='word_1_17' title='bbox 799 245 1030 295; x_wconf 83' lang='lat' dir='ltr'><strong>plerumque</strong></span> <span class='ocrx_word' id='word_1_18' title='bbox 1052 245 1092 282; x_wconf 87' lang='lat' dir='ltr'><strong>in</strong></span> <span class='ocrx_word' id='word_1_19' title='bbox 1120 258 1206 283; x_wconf 85' lang='lat' dir='ltr'><strong>eam</strong></span> <span class='ocrx_word' id='word_1_20' title='bbox 1230 253 1394 296; x_wconf 84' lang='lat' dir='ltr'><strong>partem,</strong></span> <span class='ocrx_word' id='word_1_21' title='bbox 1420 259 1494 297; x_wconf 81' lang='lat' dir='ltr'><strong>qua</strong></span> <span class='ocrx_word' id='word_1_22' title='bbox 1519 259 1583 283; x_wconf 81' lang='lat' dir='ltr'><strong>res</strong></span> <span class='ocrx_word' id='word_1_23' title='bbox 1611 254 1809 296; x_wconf 75' lang='lat' dir='ltr'><strong>augeatur,</strong></span> <span class='ocrx_word' id='word_1_24' title='bbox 1832 258 1912 287; x_wconf 71' lang='lat' dir='ltr'><strong>nou</strong></span> <span class='ocrx_word' id='word_1_25' title='bbox 1938 245 1979 282; x_wconf 88' lang='lat' dir='ltr'><strong>in</strong></span> 
     </span>
     <span class='ocr_line' id='line_1_4' title="bbox 68 295 1981 353; baseline -0.003 -14"><span class='ocrx_word' id='word_1_26' title='bbox 68 317 165 351; x_wconf 76' lang='lat' dir='ltr'><strong>eam,</strong></span> <span class='ocrx_word' id='word_1_27' title='bbox 188 316 267 353; x_wconf 83' lang='lat' dir='ltr'><strong>qua</strong></span> <span class='ocrx_word' id='word_1_28' title='bbox 292 298 545 343; x_wconf 72' lang='lat' dir='ltr'><strong>deminuatur,</strong></span> <span class='ocrx_word' id='word_1_29' title='bbox 567 296 701 335; x_wconf 80' lang='lat' dir='ltr'><strong>efferri</strong></span> <span class='ocrx_word' id='word_1_30' title='bbox 729 304 770 334; x_wconf 88' lang='lat' dir='ltr'><strong>et</strong></span> <span class='ocrx_word' id='word_1_31' title='bbox 793 303 1058 333; x_wconf 80' lang='lat' dir='ltr'><strong>extumescere</strong></span> <span class='ocrx_word' id='word_1_32' title='bbox 1082 297 1193 335; x_wconf 81' lang='lat' dir='ltr'><strong>solet.</strong></span> <span class='ocrx_word' id='word_1_33' title='bbox 1244 296 1322 335; x_wconf 73' lang='lat' dir='ltr'><strong>Sed</strong></span> <span class='ocrx_word' id='word_1_34' title='bbox 1349 309 1527 346; x_wconf 78' lang='lat' dir='ltr'><strong>praesens</strong></span> <span class='ocrx_word' id='word_1_35' title='bbox 1564 297 1748 335; x_wconf 77' lang='lat' dir='ltr'><strong>orationis</strong></span> <span class='ocrx_word' id='word_1_36' title='bbox 1774 295 1981 337; x_wconf 75' lang='lat' dir='ltr'><strong>consilium</strong></span> 
     </span>
     <span class='ocr_line' id='line_1_5' title="bbox 69 345 1979 397; baseline -0.004 -5"><span class='ocrx_word' id='word_1_37' title='bbox 69 352 366 391; x_wconf 83' lang='lat' dir='ltr'><strong>deminutionem</strong></span> <span class='ocrx_word' id='word_1_38' title='bbox 390 348 602 397; x_wconf 89' lang='lat' dir='ltr'><strong>postulare,</strong></span> <span class='ocrx_word' id='word_1_39' title='bbox 626 348 701 382; x_wconf 90' lang='lat' dir='ltr'><strong>iam</strong></span> <span class='ocrx_word' id='word_1_40' title='bbox 728 346 909 395; x_wconf 87' lang='lat' dir='ltr'><strong>diximus,</strong></span> <span class='ocrx_word' id='word_1_41' title='bbox 933 354 972 383; x_wconf 89' lang='lat' dir='ltr'><strong>et</strong></span> <span class='ocrx_word' id='word_1_42' title='bbox 998 347 1306 396; x_wconf 84' lang='lat' dir='ltr'><strong>comparavimus</strong></span> <span class='ocrx_word' id='word_1_43' title='bbox 1340 349 1413 397; x_wconf 85' lang='lat' dir='ltr'><strong>XI,</strong></span> <span class='ocrx_word' id='word_1_44' title='bbox 1446 349 1512 395; x_wconf 86' lang='lat'><strong>23,</strong></span> <span class='ocrx_word' id='word_1_45' title='bbox 1542 348 1610 383; x_wconf 88' lang='lat' dir='ltr'><strong>ubi</strong></span> <span class='ocrx_word' id='word_1_46' title='bbox 1642 360 1720 383; x_wconf 88' lang='lat' dir='ltr'><strong>non</strong></span> <span class='ocrx_word' id='word_1_47' title='bbox 1751 347 1874 385; x_wconf 78' lang='lat' dir='ltr'><strong>minus</strong></span> <span class='ocrx_word' id='word_1_48' title='bbox 1910 345 1979 385; x_wconf 74' lang='lat' dir='ltr'><strong>ab-</strong></span> 
     </span>
     <span class='ocr_line' id='line_1_6' title="bbox 67 395 1978 449; baseline -0.004 -7"><span class='ocrx_word' id='word_1_49' title='bbox 67 405 226 442; x_wconf 88' lang='lat' dir='ltr'><strong>horrens</strong></span> <span class='ocrx_word' id='word_1_50' title='bbox 254 412 275 435; x_wconf 87' lang='lat' dir='ltr'><strong>a</strong></span> <span class='ocrx_word' id='word_1_51' title='bbox 302 411 394 436; x_wconf 85' lang='lat' dir='ltr'><strong>vero</strong></span> <span class='ocrx_word' id='word_1_52' title='bbox 422 404 501 443; x_wconf 89' lang='lat' dir='ltr'><strong>est,</strong></span> <span class='ocrx_word' id='word_1_53' title='bbox 535 396 640 449; x_wconf 89' lang='lat' dir='ltr'><strong>quod</strong></span> <span class='ocrx_word' id='word_1_54' title='bbox 677 396 796 443; x_wconf 71' lang='lat' dir='ltr'><strong>Gallis</strong></span> <span class='ocrx_word' id='word_1_55' title='bbox 832 407 1056 434; x_wconf 89' lang='lat' dir='ltr'><strong>concessum</strong></span> <span class='ocrx_word' id='word_1_56' title='bbox 1090 396 1251 448; x_wconf 85' lang='lat' dir='ltr'><strong>fingitur</strong></span> <span class='ocrx_word' id='word_1_57' title='bbox 1283 399 1493 435; x_wconf 80' lang='lat' dir='ltr'><strong>vocabulum</strong></span> <span class='ocrx_word' id='word_1_58' title='bbox 1527 397 1714 443; x_wconf 82' lang='lat' dir='ltr'><strong>civitatis3</strong></span> <span class='ocrx_word' id='word_1_59' title='bbox 1753 395 1823 434; x_wconf 87' lang='lat' dir='ltr'><strong>sed</strong></span> <span class='ocrx_word' id='word_1_60' title='bbox 1854 396 1978 434; x_wconf 77' lang='lat' dir='ltr'><strong>minus</strong></span> 
     </span>
     <span class='ocr_line' id='line_1_7' title="bbox 68 448 1653 498; baseline -0.003 -9"><span class='ocrx_word' id='word_1_61' title='bbox 68 455 146 489; x_wconf 89' lang='lat' dir='ltr'><strong>illic</strong></span> <span class='ocrx_word' id='word_1_62' title='bbox 172 462 240 487; x_wconf 89' lang='lat' dir='ltr'><strong>nos</strong></span> <span class='ocrx_word' id='word_1_63' title='bbox 267 456 498 496; x_wconf 87' lang='lat' dir='ltr'><strong>commovet,</strong></span> <span class='ocrx_word' id='word_1_64' title='bbox 525 449 613 498; x_wconf 86' lang='lat' dir='ltr'><strong>quia</strong></span> <span class='ocrx_word' id='word_1_65' title='bbox 640 455 680 483; x_wconf 90' lang='lat' dir='ltr'><strong>et</strong></span> <span class='ocrx_word' id='word_1_66' title='bbox 705 448 948 497; x_wconf 85' lang='lat' dir='ltr'><strong>exaggeratio</strong></span> <span class='ocrx_word' id='word_1_67' title='bbox 977 455 1035 483; x_wconf 90' lang='lat' dir='ltr'><strong>est</strong></span> <span class='ocrx_word' id='word_1_68' title='bbox 1058 448 1187 484; x_wconf 90' lang='lat' dir='ltr'><strong>minor</strong></span> <span class='ocrx_word' id='word_1_69' title='bbox 1214 455 1254 484; x_wconf 90' lang='lat' dir='ltr'><strong>et</strong></span> <span class='ocrx_word' id='word_1_70' title='bbox 1280 449 1405 485; x_wconf 86' lang='lat' dir='ltr'><strong>oratio</strong></span> <span class='ocrx_word' id='word_1_71' title='bbox 1432 448 1653 496; x_wconf 83' lang='lat' dir='ltr'><strong>simplicior.</strong></span> 
     </span>
    </p>
   </div>
   <div class='ocr_carea' id='block_1_3' title="bbox 67 508 1980 661">
    <p class='ocr_par' dir='ltr' id='par_1_3' title="bbox 67 508 1980 661">
     <span class='ocr_line' id='line_1_8' title="bbox 248 508 1979 562; baseline -0.002 -15"><span class='ocrx_word' id='word_1_72' title='bbox 248 512 328 548; x_wconf 82' lang='lat' dir='ltr'><strong>Iam</strong></span> <span class='ocrx_word' id='word_1_73' title='bbox 354 517 562 561; x_wconf 82' lang='lat' dir='ltr'><strong>postquam</strong></span> <span class='ocrx_word' id='word_1_74' title='bbox 589 509 701 547; x_wconf 84' lang='lat' dir='ltr'><strong>amici</strong></span> <span class='ocrx_word' id='word_1_75' title='bbox 727 510 851 559; x_wconf 86' lang='lat' dir='ltr'><strong>iussis,</strong></span> <span class='ocrx_word' id='word_1_76' title='bbox 878 517 1065 561; x_wconf 87' lang='lat' dir='ltr'><strong>quantum</strong></span> <span class='ocrx_word' id='word_1_77' title='bbox 1090 510 1218 561; x_wconf 80' lang='lat' dir='ltr'><strong>potui,</strong></span> <span class='ocrx_word' id='word_1_78' title='bbox 1244 510 1452 547; x_wconf 80' lang='lat' dir='ltr'><strong>obsecutus</strong></span> <span class='ocrx_word' id='word_1_79' title='bbox 1480 523 1585 558; x_wconf 90' lang='lat' dir='ltr'><strong>sum,</strong></span> <span class='ocrx_word' id='word_1_80' title='bbox 1615 511 1688 547; x_wconf 86' lang='lat' dir='ltr'><strong>alia</strong></span> <span class='ocrx_word' id='word_1_81' title='bbox 1720 508 1908 562; x_wconf 70' lang='lat' dir='ltr'><strong>quaedam</strong></span> <span class='ocrx_word' id='word_1_82' title='bbox 1932 520 1979 546; x_wconf 84' lang='lat' dir='ltr'><strong>ex</strong></span> 
     </span>
     <span class='ocr_line' id='line_1_9' title="bbox 67 560 1980 617; baseline -0.002 -17"><span class='ocrx_word' id='word_1_83' title='bbox 67 562 212 600; x_wconf 87' lang='lat' dir='ltr'><strong>eisdem</strong></span> <span class='ocrx_word' id='word_1_84' title='bbox 236 561 358 608; x_wconf 91' lang='lat' dir='ltr'><strong>libris,</strong></span> <span class='ocrx_word' id='word_1_85' title='bbox 378 573 483 617; x_wconf 33' lang='lat' dir='ltr'><strong>‘quae</strong></span> <span class='ocrx_word' id='word_1_86' title='bbox 510 560 680 614; x_wconf 71' lang='lat' dir='ltr'><strong>nondum</strong></span> <span class='ocrx_word' id='word_1_87' title='bbox 708 560 756 598; x_wconf 87' lang='lat' dir='ltr'><strong>ab</strong></span> <span class='ocrx_word' id='word_1_88' title='bbox 782 561 888 597; x_wconf 90' lang='lat' dir='ltr'><strong>omni</strong></span> <span class='ocrx_word' id='word_1_89' title='bbox 912 568 1139 610; x_wconf 70' lang='lat' dir='ltr'><strong>partesana</strong></span> <span class='ocrx_word' id='word_1_90' title='bbox 1166 574 1250 599; x_wconf 87' lang='lat' dir='ltr'><strong>esse</strong></span> <span class='ocrx_word' id='word_1_91' title='bbox 1277 561 1514 610; x_wconf 82' lang='lat' dir='ltr'><strong>viderentur,</strong></span> <span class='ocrx_word' id='word_1_92' title='bbox 1537 573 1600 598; x_wconf 90' lang='lat' dir='ltr'><strong>me</strong></span> <span class='ocrx_word' id='word_1_93' title='bbox 1626 562 1664 598; x_wconf 89' lang='lat' dir='ltr'><strong>in</strong></span> <span class='ocrx_word' id='word_1_94' title='bbox 1695 561 1865 599; x_wconf 80' lang='lat' dir='ltr'><strong>medium</strong></span> <span class='ocrx_word' id='word_1_95' title='bbox 1890 570 1980 609; x_wconf 87' lang='lat' dir='ltr'><strong>pro·</strong></span> 
     </span>
     <span class='ocr_line' id='line_1_10' title="bbox 67 614 526 661; baseline -0.004 -12"><span class='ocrx_word' id='word_1_96' title='bbox 67 614 234 650; x_wconf 88' lang='lat' dir='ltr'><strong>laturum</strong></span> <span class='ocrx_word' id='word_1_97' title='bbox 260 622 526 661; x_wconf 73' lang='lat' dir='ltr'><strong>promiseram.</strong></span> 
     </span>
    </p>
   </div>
   <div class='ocr_carea' id='block_1_4' title="bbox 885 660 1158 712">
    <p class='ocr_par' dir='ltr' id='par_1_4' title="bbox 885 660 1158 712">
     <span class='ocr_line' id='line_1_11' title="bbox 885 660 1158 712; baseline -0.011 -13"><span class='ocrx_word' id='word_1_98' title='bbox 885 662 999 699; x_wconf 89' lang='lat' dir='ltr'><strong>Ann.</strong></span> <span class='ocrx_word' id='word_1_99' title='bbox 1026 662 1096 712; x_wconf 82' lang='lat' dir='ltr'><strong>XI,</strong></span> <span class='ocrx_word' id='word_1_100' title='bbox 1122 660 1158 699; x_wconf 85' lang='lat'><strong>4.</strong></span> 
     </span>
    </p>
   </div>
   <div class='ocr_carea' id='block_1_5' title="bbox 68 721 1981 824">
    <p class='ocr_par' dir='ltr' id='par_1_5' title="bbox 68 721 1981 824">
     <span class='ocr_line' id='line_1_12' title="bbox 258 721 1981 774; baseline -0.001 -15"><span class='ocrx_word' id='word_1_101' title='bbox 258 723 427 769; x_wconf 78' lang='lat' dir='ltr'><strong>Rogatus</strong></span> <span class='ocrx_word' id='word_1_102' title='bbox 451 723 663 760; x_wconf 86' lang='lat' dir='ltr'><strong>sententiam</strong></span> <span class='ocrx_word' id='word_1_103' title='bbox 691 722 826 771; x_wconf 82' lang='lat' dir='ltr'><strong>Scipio,</strong></span> <span class='ocrx_word' id='word_1_104' title='bbox 853 735 935 760; x_wconf 86' lang='lat' dir='ltr'><strong>cum</strong></span> <span class='ocrx_word' id='word_1_105' title='bbox 961 725 1066 769; x_wconf 83' lang='lat' dir='ltr'><strong>idem,</strong></span> <span class='ocrx_word' id='word_1_106' title='bbox 1092 725 1216 772; x_wconf 85' lang='lat' dir='ltr'><strong>inquit,</strong></span> <span class='ocrx_word' id='word_1_107' title='bbox 1243 726 1285 761; x_wconf 87' lang='lat' dir='ltr'><strong>de</strong></span> <span class='ocrx_word' id='word_1_108' title='bbox 1298 725 1468 762; x_wconf 79' lang='lat' dir='ltr'><strong>admissis</strong></span> <span class='ocrx_word' id='word_1_109' title='bbox 1481 724 1678 774; x_wconf 83' lang='lat' dir='ltr'><strong>Poppaeae</strong></span> <span class='ocrx_word' id='word_1_110' title='bbox 1694 724 1862 768; x_wconf 84' lang='lat' dir='ltr'><strong>sentiam,</strong></span> <span class='ocrx_word' id='word_1_111' title='bbox 1881 721 1981 770; x_wconf 82' lang='lat' dir='ltr'><strong>quod</strong></span> 
     </span>
     <span class='ocr_line' id='line_1_13' title="bbox 68 774 968 824; baseline 0 -13"><span class='ocrx_word' id='word_1_112' title='bbox 68 786 203 824; x_wconf 86' lang='lat' dir='ltr'><strong>omnes,</strong></span> <span class='ocrx_word' id='word_1_113' title='bbox 222 783 348 822; x_wconf 84' lang='lat' dir='ltr'><strong>putate</strong></span> <span class='ocrx_word' id='word_1_114' title='bbox 372 786 431 810; x_wconf 88' lang='lat' dir='ltr'><strong>me</strong></span> <span class='ocrx_word' id='word_1_115' title='bbox 456 774 551 810; x_wconf 85' lang='lat' dir='ltr'><strong>idem</strong></span> <span class='ocrx_word' id='word_1_116' title='bbox 572 775 685 811; x_wconf 82' lang='lat' dir='ltr'><strong>dicere</strong></span> <span class='ocrx_word' id='word_1_117' title='bbox 710 775 807 822; x_wconf 84' lang='lat' dir='ltr'><strong>quod</strong></span> <span class='ocrx_word' id='word_1_118' title='bbox 831 786 968 815; x_wconf 84' lang='lat' dir='ltr'><strong>omnes.</strong></span> 
     </span>
    </p>
   </div>
   <div class='ocr_carea' id='block_1_6' title="bbox 67 833 1983 1187">
    <p class='ocr_par' dir='ltr' id='par_1_6' title="bbox 67 833 1983 1187">
     <span class='ocr_line' id='line_1_14' title="bbox 251 833 1981 887; baseline 0.001 -16"><span class='ocrx_word' id='word_1_119' title='bbox 251 834 381 871; x_wconf 90' lang='lat' dir='ltr'><strong>Proba</strong></span> <span class='ocrx_word' id='word_1_120' title='bbox 399 835 496 871; x_wconf 83' lang='lat' dir='ltr'><strong>haec</strong></span> <span class='ocrx_word' id='word_1_121' title='bbox 518 847 608 872; x_wconf 87' lang='lat' dir='ltr'><strong>sane</strong></span> <span class='ocrx_word' id='word_1_122' title='bbox 628 835 697 872; x_wconf 89' lang='lat' dir='ltr'><strong>sed</strong></span> <span class='ocrx_word' id='word_1_123' title='bbox 715 848 792 872; x_wconf 82' lang='lat' dir='ltr'><strong>non</strong></span> <span class='ocrx_word' id='word_1_124' title='bbox 818 836 1003 886; x_wconf 82' lang='lat' dir='ltr'><strong>religiose</strong></span> <span class='ocrx_word' id='word_1_125' title='bbox 1030 836 1360 887; x_wconf 79' lang='lat' dir='ltr'><strong>codicisvestigia</strong></span> <span class='ocrx_word' id='word_1_126' title='bbox 1390 836 1563 874; x_wconf 88' lang='lat' dir='ltr'><strong>insecuta</strong></span> <span class='ocrx_word' id='word_1_127' title='bbox 1589 837 1714 876; x_wconf 85' lang='lat' dir='ltr'><strong>oratio</strong></span> <span class='ocrx_word' id='word_1_128' title='bbox 1740 834 1906 873; x_wconf 73' lang='lat' dir='ltr'><strong>videtur·</strong></span> <span class='ocrx_word' id='word_1_129' title='bbox 1944 833 1981 869; x_wconf 79' lang='lat'><strong>1⁸</strong></span> 
     </span>
     <span class='ocr_line' id='line_1_15' title="bbox 69 882 1980 944; baseline -0.001 -19"><span class='ocrx_word' id='word_1_130' title='bbox 69 886 172 926; x_wconf 90' lang='lat' dir='ltr'><strong>enim</strong></span> <span class='ocrx_word' id='word_1_131' title='bbox 199 884 384 935; x_wconf 83' lang='lat' dir='ltr'><strong>praebet:</strong></span> <span class='ocrx_word' id='word_1_132' title='bbox 421 886 463 921; x_wconf 86' lang='lat' dir='ltr'><strong>de</strong></span> <span class='ocrx_word' id='word_1_133' title='bbox 486 887 654 922; x_wconf 79' lang='lat' dir='ltr'><strong>admissis</strong></span> <span class='ocrx_word' id='word_1_134' title='bbox 685 886 877 936; x_wconf 78' lang='lat' dir='ltr'><strong>Poppaeae</strong></span> <span class='ocrx_word' id='word_1_135' title='bbox 899 899 1006 923; x_wconf 87' lang='lat' dir='ltr'><strong>assen</strong></span> <span class='ocrx_word' id='word_1_136' title='bbox 1032 889 1231 925; x_wconf 85' lang='lat' dir='ltr'><strong>essentiam.</strong></span> <span class='ocrx_word' id='word_1_137' title='bbox 1278 886 1384 944; x_wconf 77' lang='lat' dir='ltr'><strong>Quid</strong></span> <span class='ocrx_word' id='word_1_138' title='bbox 1420 888 1539 938; x_wconf 77' lang='lat' dir='ltr'><strong>igitur</strong></span> <span class='ocrx_word' id='word_1_139' title='bbox 1563 887 1742 937; x_wconf 85' lang='lat' dir='ltr'><strong>impedit,</strong></span> <span class='ocrx_word' id='word_1_140' title='bbox 1773 882 1980 936; x_wconf 67' lang='lat' dir='ltr'><strong>quominus</strong></span> 
     </span>
     <span class='ocr_line' id='line_1_16' title="bbox 67 934 1981 987; baseline -0.002 -13"><span class='ocrx_word' id='word_1_141' title='bbox 67 936 233 986; x_wconf 81' lang='lat' dir='ltr'><strong>syllabas</strong></span> <span class='ocrx_word' id='word_1_142' title='bbox 259 936 345 972; x_wconf 89' lang='lat' dir='ltr'><strong>illas</strong></span> <span class='ocrx_word' id='word_1_143' title='bbox 373 936 546 983; x_wconf 75' lang='lat' dir='ltr'><strong>vitiosas,</strong></span> <span class='ocrx_word' id='word_1_144' title='bbox 579 949 679 986; x_wconf 87' lang='lat' dir='ltr'><strong>quae</strong></span> <span class='ocrx_word' id='word_1_145' title='bbox 710 949 788 973; x_wconf 90' lang='lat' dir='ltr'><strong>non</strong></span> <span class='ocrx_word' id='word_1_146' title='bbox 826 949 917 974; x_wconf 86' lang='lat' dir='ltr'><strong>sane</strong></span> <span class='ocrx_word' id='word_1_147' title='bbox 950 937 1228 987; x_wconf 72' lang='lat' dir='ltr'><strong>dittographias</strong></span> <span class='ocrx_word' id='word_1_148' title='bbox 1256 939 1422 986; x_wconf 84' lang='lat' dir='ltr'><strong>speciem</strong></span> <span class='ocrx_word' id='word_1_149' title='bbox 1448 952 1541 987; x_wconf 84' lang='lat' dir='ltr'><strong>prae</strong></span> <span class='ocrx_word' id='word_1_150' title='bbox 1573 951 1613 976; x_wconf 90' lang='lat' dir='ltr'><strong>se</strong></span> <span class='ocrx_word' id='word_1_151' title='bbox 1645 938 1792 982; x_wconf 77' lang='lat' dir='ltr'><strong>ferunt,</strong></span> <span class='ocrx_word' id='word_1_152' title='bbox 1826 934 1981 974; x_wconf 70' lang='lat' dir='ltr'><strong>solvere</strong></span> 
     </span>
     <span class='ocr_line' id='line_1_17' title="bbox 68 985 1983 1042; baseline -0.002 -18"><span class='ocrx_word' id='word_1_153' title='bbox 68 998 184 1038; x_wconf 83' lang='lat' dir='ltr'><strong>qnam</strong></span> <span class='ocrx_word' id='word_1_154' title='bbox 217 986 402 1023; x_wconf 88' lang='lat' dir='ltr'><strong>inducere</strong></span> <span class='ocrx_word' id='word_1_155' title='bbox 436 985 639 1023; x_wconf 83' lang='lat' dir='ltr'><strong>malimus?</strong></span> <span class='ocrx_word' id='word_1_156' title='bbox 663 987 794 1042; x_wconf 64' lang='lat' dir='ltr'><strong>&#39;Quod</strong></span> <span class='ocrx_word' id='word_1_157' title='bbox 821 987 873 1024; x_wconf 88' lang='lat' dir='ltr'><strong>ita</strong></span> <span class='ocrx_word' id='word_1_158' title='bbox 904 986 1028 1025; x_wconf 83' lang='lat' dir='ltr'><strong>facio:</strong></span> <span class='ocrx_word' id='word_1_159' title='bbox 1078 987 1169 1024; x_wconf 90' lang='lat' dir='ltr'><strong>Cum</strong></span> <span class='ocrx_word' id='word_1_160' title='bbox 1204 989 1299 1024; x_wconf 87' lang='lat' dir='ltr'><strong>idem</strong></span> <span class='ocrx_word' id='word_1_161' title='bbox 1338 989 1380 1025; x_wconf 86' lang='lat' dir='ltr'><strong>de</strong></span> <span class='ocrx_word' id='word_1_162' title='bbox 1415 990 1582 1026; x_wconf 77' lang='lat' dir='ltr'><strong>admissis</strong></span> <span class='ocrx_word' id='word_1_163' title='bbox 1616 989 1812 1036; x_wconf 74' lang='lat' dir='ltr'><strong>Poppaeae</strong></span> <span class='ocrx_word' id='word_1_164' title='bbox 1846 985 1902 1021; x_wconf 88' lang='lat' dir='ltr'><strong>ad</strong></span> <span class='ocrx_word' id='word_1_165' title='bbox 1935 994 1983 1031; x_wconf 46' lang='lat' dir='ltr'><strong>se,</strong></span> 
     </span>
     <span class='ocr_line' id='line_1_18' title="bbox 68 1036 1982 1089; baseline -0.003 -14"><span class='ocrx_word' id='word_1_166' title='bbox 68 1039 203 1075; x_wconf 65' lang='lat' dir='ltr'><strong>noxis</strong></span> <span class='ocrx_word' id='word_1_167' title='bbox 233 1038 397 1085; x_wconf 83' lang='lat' dir='ltr'><strong>sentiam,</strong></span> <span class='ocrx_word' id='word_1_168' title='bbox 428 1038 526 1085; x_wconf 83' lang='lat' dir='ltr'><strong>quod</strong></span> <span class='ocrx_word' id='word_1_169' title='bbox 550 1049 674 1073; x_wconf 89' lang='lat' dir='ltr'><strong>omnes</strong></span> <span class='ocrx_word' id='word_1_170' title='bbox 695 1044 770 1074; x_wconf 82' lang='lat' dir='ltr'><strong>etc.</strong></span> <span class='ocrx_word' id='word_1_171' title='bbox 822 1038 993 1087; x_wconf 79' lang='lat' dir='ltr'><strong>Accedit,</strong></span> <span class='ocrx_word' id='word_1_172' title='bbox 1018 1038 1121 1089; x_wconf 87' lang='lat' dir='ltr'><strong>quod</strong></span> <span class='ocrx_word' id='word_1_173' title='bbox 1146 1051 1248 1075; x_wconf 69' lang='lat' dir='ltr'><strong>noxa</strong></span> <span class='ocrx_word' id='word_1_174' title='bbox 1272 1038 1399 1076; x_wconf 87' lang='lat' dir='ltr'><strong>mitius</strong></span> <span class='ocrx_word' id='word_1_175' title='bbox 1417 1038 1494 1075; x_wconf 89' lang='lat' dir='ltr'><strong>dici</strong></span> <span class='ocrx_word' id='word_1_176' title='bbox 1513 1039 1624 1085; x_wconf 82' lang='lat' dir='ltr'><strong>solet,</strong></span> <span class='ocrx_word' id='word_1_177' title='bbox 1635 1050 1754 1089; x_wconf 81' lang='lat' dir='ltr'><strong>quam</strong></span> <span class='ocrx_word' id='word_1_178' title='bbox 1770 1036 1982 1080; x_wconf 67' lang='lat' dir='ltr'><strong>admissuri,</strong></span> 
     </span>
     <span class='ocr_line' id='line_1_19' title="bbox 69 1086 1981 1136; baseline -0.001 -12"><span class='ocrx_word' id='word_1_179' title='bbox 69 1088 202 1136; x_wconf 89' lang='lat' dir='ltr'><strong>Scipio</strong></span> <span class='ocrx_word' id='word_1_180' title='bbox 230 1095 374 1133; x_wconf 87' lang='lat' dir='ltr'><strong>autem,</strong></span> <span class='ocrx_word' id='word_1_181' title='bbox 395 1086 507 1136; x_wconf 78' lang='lat' dir='ltr'><strong>quod</strong></span> <span class='ocrx_word' id='word_1_182' title='bbox 533 1088 685 1133; x_wconf 83' lang='lat' dir='ltr'><strong>eleganti</strong></span> <span class='ocrx_word' id='word_1_183' title='bbox 710 1097 987 1136; x_wconf 82' lang='lat' dir='ltr'><strong>temperamento</strong></span> <span class='ocrx_word' id='word_1_184' title='bbox 1013 1091 1104 1125; x_wconf 80' lang='lat' dir='ltr'><strong>inter</strong></span> <span class='ocrx_word' id='word_1_185' title='bbox 1128 1090 1355 1136; x_wconf 86' lang='lat' dir='ltr'><strong>coniugalem</strong></span> <span class='ocrx_word' id='word_1_186' title='bbox 1378 1102 1542 1127; x_wconf 86' lang='lat' dir='ltr'><strong>amorem</strong></span> <span class='ocrx_word' id='word_1_187' title='bbox 1568 1099 1601 1127; x_wconf 69' lang='lat' dir='ltr'><strong>et</strong></span> <span class='ocrx_word' id='word_1_188' title='bbox 1626 1088 1846 1127; x_wconf 82' lang='lat' dir='ltr'><strong>senatoriam</strong></span> <span class='ocrx_word' id='word_1_189' title='bbox 1869 1094 1981 1123; x_wconf 66' lang='lat' dir='ltr'><strong>neces·</strong></span> 
     </span>
     <span class='ocr_line' id='line_1_20' title="bbox 68 1137 1127 1187; baseline -0.002 -12"><span class='ocrx_word' id='word_1_190' title='bbox 68 1140 213 1175; x_wconf 88' lang='lat' dir='ltr'><strong>sitatem</strong></span> <span class='ocrx_word' id='word_1_191' title='bbox 235 1144 454 1187; x_wconf 82' lang='lat' dir='ltr'><strong>censuerat,</strong></span> <span class='ocrx_word' id='word_1_192' title='bbox 481 1137 733 1176; x_wconf 82' lang='lat' dir='ltr'><strong>collaudatur.</strong></span> <span class='ocrx_word' id='word_1_193' title='bbox 1125 1156 1127 1158; x_wconf 96' lang='lat'>·</span> 
     </span>
    </p>
   </div>
   <div class='ocr_carea' id='block_1_7' title="bbox 885 1189 1159 1236">
    <p class='ocr_par' dir='ltr' id='par_1_7' title="bbox 885 1189 1159 1236">
     <span class='ocr_line' id='line_1_21' title="bbox 885 1189 1159 1236; baseline 0.007 -12"><span class='ocrx_word' id='word_1_194' title='bbox 885 1189 996 1225; x_wconf 80' lang='lat' dir='ltr'><strong>Ann.</strong></span> <span class='ocrx_word' id='word_1_195' title='bbox 1024 1190 1094 1236; x_wconf 85' lang='lat' dir='ltr'><strong>XI,</strong></span> <span class='ocrx_word' id='word_1_196' title='bbox 1122 1190 1159 1228; x_wconf 82' lang='grc'><strong>7.</strong></span> 
     </span>
    </p>
   </div>
   <div class='ocr_carea' id='block_1_8' title="bbox 70 1247 1983 1502">
    <p class='ocr_par' dir='ltr' id='par_1_8' title="bbox 70 1247 1983 1502">
     <span class='ocr_line' id='line_1_22' title="bbox 251 1247 1982 1304; baseline -0.001 -18"><span class='ocrx_word' id='word_1_197' title='bbox 251 1248 527 1289; x_wconf 80' lang='lat' dir='ltr'><strong>Defenduntur</strong></span> <span class='ocrx_word' id='word_1_198' title='bbox 554 1263 756 1288; x_wconf 90' lang='lat' dir='ltr'><strong>causarum</strong></span> <span class='ocrx_word' id='word_1_199' title='bbox 783 1251 1001 1288; x_wconf 70' lang='lat' dir='ltr'><strong>mercedest</strong></span> <span class='ocrx_word' id='word_1_200' title='bbox 1041 1251 1160 1304; x_wconf 70' lang='lat' dir='ltr'><strong>Quem</strong></span> <span class='ocrx_word' id='word_1_201' title='bbox 1186 1251 1287 1287; x_wconf 85' lang='lat' dir='ltr'><strong>illum</strong></span> <span class='ocrx_word' id='word_1_202' title='bbox 1317 1259 1419 1287; x_wconf 83' lang='lat' dir='ltr'><strong>tanta</strong></span> <span class='ocrx_word' id='word_1_203' title='bbox 1450 1250 1613 1299; x_wconf 82' lang='lat' dir='ltr'><strong>superbia</strong></span> <span class='ocrx_word' id='word_1_204' title='bbox 1636 1260 1729 1296; x_wconf 82' lang='lat' dir='ltr'><strong>esse,</strong></span> <span class='ocrx_word' id='word_1_205' title='bbox 1760 1257 1800 1285; x_wconf 81' lang='lat' dir='ltr'><strong>ut</strong></span> <span class='ocrx_word' id='word_1_206' title='bbox 1831 1247 1982 1284; x_wconf 76' lang='lat' dir='ltr'><strong>aeterni·</strong></span> 
     </span>
     <span class='ocr_line' id='line_1_23' title="bbox 71 1299 1981 1350; baseline -0.002 -12"><span class='ocrx_word' id='word_1_207' title='bbox 71 1300 186 1338; x_wconf 61' lang='lat' dir='ltr'><strong>ratem‘</strong></span> <span class='ocrx_word' id='word_1_208' title='bbox 196 1301 327 1350; x_wconf 88' lang='lat' dir='ltr'><strong>famae</strong></span> <span class='ocrx_word' id='word_1_209' title='bbox 352 1315 413 1349; x_wconf 85' lang='lat' dir='ltr'><strong>spe</strong></span> <span class='ocrx_word' id='word_1_210' title='bbox 431 1303 667 1350; x_wconf 79' lang='lat' dir='ltr'><strong>praesumat?</strong></span> <span class='ocrx_word' id='word_1_211' title='bbox 708 1303 803 1339; x_wconf 80' lang='lat' dir='ltr'><strong>Usui</strong></span> <span class='ocrx_word' id='word_1_212' title='bbox 832 1312 864 1339; x_wconf 86' lang='lat' dir='ltr'><strong>et</strong></span> <span class='ocrx_word' id='word_1_213' title='bbox 890 1303 991 1338; x_wconf 84' lang='lat' dir='ltr'><strong>rebus</strong></span> <span class='ocrx_word' id='word_1_214' title='bbox 1016 1304 1216 1338; x_wconf 79' lang='lat' dir='ltr'><strong>subsidium</strong></span> <span class='ocrx_word' id='word_1_215' title='bbox 1243 1303 1473 1350; x_wconf 79' lang='lat' dir='ltr'><strong>praeparari,</strong></span> <span class='ocrx_word' id='word_1_216' title='bbox 1509 1314 1551 1337; x_wconf 84' lang='lat' dir='ltr'><strong>ne</strong></span> <span class='ocrx_word' id='word_1_217' title='bbox 1576 1301 1655 1348; x_wconf 86' lang='lat' dir='ltr'><strong>quis</strong></span> <span class='ocrx_word' id='word_1_218' title='bbox 1681 1301 1803 1348; x_wconf 84' lang='lat' dir='ltr'><strong>inopia</strong></span> <span class='ocrx_word' id='word_1_219' title='bbox 1827 1299 1981 1335; x_wconf 75' lang='grc' dir='ltr'><strong><em>οάνοαι-</em></strong></span> 
     </span>
     <span class='ocr_line' id='line_1_24' title="bbox 71 1350 1982 1401; baseline -0.003 -13"><span class='ocrx_word' id='word_1_220' title='bbox 71 1360 192 1388; x_wconf 87' lang='lat' dir='ltr'><strong>torum</strong></span> <span class='ocrx_word' id='word_1_221' title='bbox 208 1353 415 1399; x_wconf 82' lang='lat' dir='ltr'><strong>potentibus</strong></span> <span class='ocrx_word' id='word_1_222' title='bbox 441 1353 621 1389; x_wconf 74' lang='lat' dir='ltr'><strong>obnoxius</strong></span> <span class='ocrx_word' id='word_1_223' title='bbox 646 1353 703 1388; x_wconf 84' lang='lat' dir='ltr'><strong>sit.</strong></span> <span class='ocrx_word' id='word_1_224' title='bbox 759 1352 887 1401; x_wconf 84' lang='lat' dir='ltr'><strong>Neque</strong></span> <span class='ocrx_word' id='word_1_225' title='bbox 911 1361 1033 1389; x_wconf 72' lang='lat' dir='ltr'><strong>vtamen</strong></span> <span class='ocrx_word' id='word_1_226' title='bbox 1064 1353 1301 1400; x_wconf 81' lang='lat' dir='ltr'><strong>eloquentiam</strong></span> <span class='ocrx_word' id='word_1_227' title='bbox 1329 1353 1490 1397; x_wconf 85' lang='lat' dir='ltr'><strong>gratuito</strong></span> <span class='ocrx_word' id='word_1_228' title='bbox 1522 1352 1745 1397; x_wconf 79' lang='lat' dir='ltr'><strong>contingere;</strong></span> <span class='ocrx_word' id='word_1_229' title='bbox 1776 1350 1897 1385; x_wconf 78' lang='lat' dir='ltr'><strong>omitti</strong></span> <span class='ocrx_word' id='word_1_230' title='bbox 1924 1359 1982 1383; x_wconf 77' lang='grc' dir='ltr'><strong>ω-</strong></span> 
     </span>
     <span class='ocr_line' id='line_1_25' title="bbox 70 1400 1983 1451; baseline -0.002 -13"><span class='ocrx_word' id='word_1_231' title='bbox 70 1414 131 1446; x_wconf 86' lang='lat' dir='ltr'><strong>ras</strong></span> <span class='ocrx_word' id='word_1_232' title='bbox 143 1404 356 1451; x_wconf 70' lang='lat' dir='ltr'><strong>familiaris,</strong></span> <span class='ocrx_word' id='word_1_233' title='bbox 383 1412 423 1440; x_wconf 89' lang='lat' dir='ltr'><strong>ut</strong></span> <span class='ocrx_word' id='word_1_234' title='bbox 448 1405 527 1450; x_wconf 87' lang='lat' dir='ltr'><strong>quis</strong></span> <span class='ocrx_word' id='word_1_235' title='bbox 549 1413 590 1439; x_wconf 63' lang='lat' dir='ltr'><strong>&gt;se</strong></span> <span class='ocrx_word' id='word_1_236' title='bbox 615 1404 739 1439; x_wconf 83' lang='lat' dir='ltr'><strong>alienis</strong></span> <span class='ocrx_word' id='word_1_237' title='bbox 766 1404 919 1449; x_wconf 85' lang='lat' dir='ltr'><strong>negotiis</strong></span> <span class='ocrx_word' id='word_1_238' title='bbox 946 1404 1113 1440; x_wconf 81' lang='lat' dir='ltr'><strong>intendat.</strong></span> <span class='ocrx_word' id='word_1_239' title='bbox 1132 1403 1295 1439; x_wconf 87' lang='lat' dir='ltr'><strong>·Multos</strong></span> <span class='ocrx_word' id='word_1_240' title='bbox 1309 1402 1449 1448; x_wconf 82' lang='lat' dir='ltr'><strong>militia,</strong></span> <span class='ocrx_word' id='word_1_241' title='bbox 1469 1402 1647 1450; x_wconf 82' lang='lat' dir='ltr'><strong>quosdam</strong></span> <span class='ocrx_word' id='word_1_242' title='bbox 1661 1400 1855 1438; x_wconf 76' lang='lat' dir='ltr'><strong>exercendo</strong></span> <span class='ocrx_word' id='word_1_243' title='bbox 1872 1409 1983 1445; x_wconf 77' lang='lat' dir='ltr'><strong>agros</strong></span> 
     </span>
     <span class='ocr_line' id='line_1_26' title="bbox 71 1453 1617 1502; baseline 0 -15"><span class='ocrx_word' id='word_1_244' title='bbox 71 1453 219 1488; x_wconf 84' lang='lat' dir='ltr'><strong>tolerare</strong></span> <span class='ocrx_word' id='word_1_245' title='bbox 246 1454 377 1494; x_wconf 78' lang='lat' dir='ltr'><strong>vitam3</strong></span> <span class='ocrx_word' id='word_1_246' title='bbox 409 1454 497 1488; x_wconf 80' lang='lat' dir='ltr'><strong>nihil</strong></span> <span class='ocrx_word' id='word_1_247' title='bbox 520 1465 544 1488; x_wconf 88' lang='lat' dir='ltr'><strong>a</strong></span> <span class='ocrx_word' id='word_1_248' title='bbox 567 1465 751 1500; x_wconf 83' lang='lat' dir='ltr'><strong>quoquam</strong></span> <span class='ocrx_word' id='word_1_249' title='bbox 776 1454 904 1500; x_wconf 80' lang='lat' dir='ltr'><strong>expeti,</strong></span> <span class='ocrx_word' id='word_1_250' title='bbox 930 1455 1001 1489; x_wconf 88' lang='lat' dir='ltr'><strong>nisi</strong></span> <span class='ocrx_word' id='word_1_251' title='bbox 1026 1455 1126 1489; x_wconf 83' lang='lat' dir='ltr'><strong>cuius</strong></span> <span class='ocrx_word' id='word_1_252' title='bbox 1138 1453 1287 1502; x_wconf 86' lang='lat' dir='ltr'><strong>fructus</strong></span> <span class='ocrx_word' id='word_1_253' title='bbox 1310 1461 1391 1488; x_wconf 90' lang='lat' dir='ltr'><strong>ante</strong></span> <span class='ocrx_word' id='word_1_254' title='bbox 1409 1453 1617 1500; x_wconf 76' lang='lat' dir='ltr'><strong>providerit.</strong></span> 
     </span>
    </p>
   </div>
   <div class='ocr_carea' id='block_1_9' title="bbox 71 1511 1984 2570">
    <p class='ocr_par' dir='ltr' id='par_1_9' title="bbox 71 1511 1984 2570">
     <span class='ocr_line' id='line_1_27' title="bbox 254 1511 1982 1564; baseline -0.002 -15"><span class='ocrx_word' id='word_1_255' title='bbox 254 1512 451 1550; x_wconf 79' lang='lat' dir='ltr'><strong>Sententia</strong></span> <span class='ocrx_word' id='word_1_256' title='bbox 478 1514 588 1550; x_wconf 85' lang='lat' dir='ltr'><strong>huius</strong></span> <span class='ocrx_word' id='word_1_257' title='bbox 613 1513 691 1549; x_wconf 91' lang='lat' dir='ltr'><strong>loci</strong></span> <span class='ocrx_word' id='word_1_258' title='bbox 726 1526 803 1550; x_wconf 91' lang='lat' dir='ltr'><strong>non</strong></span> <span class='ocrx_word' id='word_1_259' title='bbox 834 1521 964 1562; x_wconf 89' lang='lat' dir='ltr'><strong>potest</strong></span> <span class='ocrx_word' id='word_1_260' title='bbox 998 1513 1164 1551; x_wconf 87' lang='lat' dir='ltr'><strong>obscura</strong></span> <span class='ocrx_word' id='word_1_261' title='bbox 1199 1514 1328 1551; x_wconf 82' lang='lat' dir='ltr'><strong>videri.</strong></span> <span class='ocrx_word' id='word_1_262' title='bbox 1367 1513 1640 1564; x_wconf 87' lang='lat' dir='ltr'><strong>Eloquentiam</strong></span> <span class='ocrx_word' id='word_1_263' title='bbox 1673 1511 1871 1549; x_wconf 87' lang='lat' dir='ltr'><strong>forensem</strong></span> <span class='ocrx_word' id='word_1_264' title='bbox 1901 1520 1982 1546; x_wconf 83' lang='lat' dir='ltr'><strong>non</strong></span> 
     </span>
     <span class='ocr_line' id='line_1_28' title="bbox 72 1561 1983 1612; baseline -0.003 -11"><span class='ocrx_word' id='word_1_265' title='bbox 72 1565 120 1601; x_wconf 90' lang='lat' dir='ltr'><strong>ad</strong></span> <span class='ocrx_word' id='word_1_266' title='bbox 147 1572 346 1606; x_wconf 83' lang='lat' dir='ltr'><strong>oratorum</strong></span> <span class='ocrx_word' id='word_1_267' title='bbox 374 1563 529 1600; x_wconf 89' lang='lat' dir='ltr'><strong>laudem</strong></span> <span class='ocrx_word' id='word_1_268' title='bbox 555 1562 715 1610; x_wconf 87' lang='lat' dir='ltr'><strong>referri,</strong></span> <span class='ocrx_word' id='word_1_269' title='bbox 750 1563 819 1601; x_wconf 90' lang='lat' dir='ltr'><strong>sed</strong></span> <span class='ocrx_word' id='word_1_270' title='bbox 839 1563 902 1599; x_wconf 81' lang='lat' dir='ltr'><strong>&#39;ad</strong></span> <span class='ocrx_word' id='word_1_271' title='bbox 929 1563 1093 1601; x_wconf 84' lang='lat' dir='ltr'><strong>aliorum</strong></span> <span class='ocrx_word' id='word_1_272' title='bbox 1119 1564 1333 1612; x_wconf 79' lang='lat' dir='ltr'><strong>utilitatem.</strong></span> <span class='ocrx_word' id='word_1_273' title='bbox 1390 1565 1488 1600; x_wconf 86' lang='lat' dir='ltr'><strong>Eam</strong></span> <span class='ocrx_word' id='word_1_274' title='bbox 1520 1575 1617 1601; x_wconf 83' lang='lat' dir='ltr'><strong>vero</strong></span> <span class='ocrx_word' id='word_1_275' title='bbox 1651 1561 1815 1599; x_wconf 87' lang='lat' dir='ltr'><strong>aliorum</strong></span> <span class='ocrx_word' id='word_1_276' title='bbox 1832 1565 1983 1597; x_wconf 64' lang='lat' dir='ltr'><strong>&#39;curam</strong></span> 
     </span>
     <span class='ocr_line' id='line_1_29' title="bbox 71 1609 1983 1665; baseline -0.003 -13"><span class='ocrx_word' id='word_1_277' title='bbox 71 1623 151 1652; x_wconf 84' lang='lat' dir='ltr'><strong>tam</strong></span> <span class='ocrx_word' id='word_1_278' title='bbox 175 1614 254 1650; x_wconf 82' lang='lat' dir='ltr'><strong>late</strong></span> <span class='ocrx_word' id='word_1_279' title='bbox 281 1617 418 1663; x_wconf 78' lang='lat' dir='ltr'><strong>patere</strong></span> <span class='ocrx_word' id='word_1_280' title='bbox 447 1621 486 1651; x_wconf 88' lang='lat' dir='ltr'><strong>et</strong></span> <span class='ocrx_word' id='word_1_281' title='bbox 517 1621 595 1650; x_wconf 89' lang='lat' dir='ltr'><strong>tam</strong></span> <span class='ocrx_word' id='word_1_282' title='bbox 633 1614 865 1665; x_wconf 87' lang='lat' dir='ltr'><strong>negotiosam</strong></span> <span class='ocrx_word' id='word_1_283' title='bbox 900 1626 1001 1663; x_wconf 88' lang='lat' dir='ltr'><strong>esse,</strong></span> <span class='ocrx_word' id='word_1_284' title='bbox 1030 1621 1072 1651; x_wconf 88' lang='lat' dir='ltr'><strong>ut</strong></span> <span class='ocrx_word' id='word_1_285' title='bbox 1101 1627 1188 1651; x_wconf 90' lang='lat' dir='ltr'><strong>suas</strong></span> <span class='ocrx_word' id='word_1_286' title='bbox 1219 1626 1454 1665; x_wconf 83' lang='lat' dir='ltr'><strong>suorumque</strong></span> <span class='ocrx_word' id='word_1_287' title='bbox 1490 1625 1552 1650; x_wconf 90' lang='lat' dir='ltr'><strong>res</strong></span> <span class='ocrx_word' id='word_1_288' title='bbox 1592 1616 1795 1649; x_wconf 76' lang='lat' dir='ltr'><strong>causarum</strong></span> <span class='ocrx_word' id='word_1_289' title='bbox 1826 1609 1983 1661; x_wconf 83' lang='lat' dir='ltr'><strong>patroni</strong></span> 
     </span>
     <span class='ocr_line' id='line_1_30' title="bbox 71 1660 1983 1722; baseline -0.002 -21"><span class='ocrx_word' id='word_1_290' title='bbox 71 1677 168 1715; x_wconf 89' lang='lat' dir='ltr'><strong>prae</strong></span> <span class='ocrx_word' id='word_1_291' title='bbox 192 1663 267 1701; x_wconf 90' lang='lat' dir='ltr'><strong>illis</strong></span> <span class='ocrx_word' id='word_1_292' title='bbox 295 1665 473 1703; x_wconf 89' lang='lat' dir='ltr'><strong>omittere</strong></span> <span class='ocrx_word' id='word_1_293' title='bbox 499 1672 699 1714; x_wconf 86' lang='lat' dir='ltr'><strong>cogantur.</strong></span> <span class='ocrx_word' id='word_1_294' title='bbox 750 1666 922 1715; x_wconf 87' lang='lat' dir='ltr'><strong>Eamque</strong></span> <span class='ocrx_word' id='word_1_295' title='bbox 953 1663 1004 1701; x_wconf 92' lang='lat' dir='ltr'><strong>ob</strong></span> <span class='ocrx_word' id='word_1_296' title='bbox 1037 1677 1209 1714; x_wconf 84' lang='lat' dir='ltr'><strong>causam,</strong></span> <span class='ocrx_word' id='word_1_297' title='bbox 1239 1665 1387 1701; x_wconf 86' lang='lat' dir='ltr'><strong>etiamsi</strong></span> <span class='ocrx_word' id='word_1_298' title='bbox 1414 1677 1491 1701; x_wconf 90' lang='lat' dir='ltr'><strong>non</strong></span> <span class='ocrx_word' id='word_1_299' title='bbox 1515 1671 1681 1722; x_wconf 85' lang='lat' dir='ltr'><strong>propter</strong></span> <span class='ocrx_word' id='word_1_300' title='bbox 1703 1662 1875 1699; x_wconf 83' lang='lat' dir='ltr'><strong>fructum</strong></span> <span class='ocrx_word' id='word_1_301' title='bbox 1899 1660 1983 1698; x_wconf 79' lang='lat' dir='ltr'><strong>elo·</strong></span> 
     </span>
     <span class='ocr_line' id='line_1_31' title="bbox 73 1709 1983 1767; baseline -0.004 -15"><span class='ocrx_word' id='word_1_302' title='bbox 73 1715 227 1767; x_wconf 87' lang='lat' dir='ltr'><strong>quentia</strong></span> <span class='ocrx_word' id='word_1_303' title='bbox 254 1720 469 1764; x_wconf 77' lang='lat' dir='ltr'><strong>expetatur,</strong></span> <span class='ocrx_word' id='word_1_304' title='bbox 494 1727 571 1751; x_wconf 92' lang='lat' dir='ltr'><strong>non</strong></span> <span class='ocrx_word' id='word_1_305' title='bbox 595 1722 719 1752; x_wconf 88' lang='lat' dir='ltr'><strong>tamen</strong></span> <span class='ocrx_word' id='word_1_306' title='bbox 747 1714 895 1752; x_wconf 90' lang='lat' dir='ltr'><strong>debere</strong></span> <span class='ocrx_word' id='word_1_307' title='bbox 920 1726 1002 1752; x_wconf 90' lang='lat' dir='ltr'><strong>esse</strong></span> <span class='ocrx_word' id='word_1_308' title='bbox 1032 1716 1113 1752; x_wconf 89' lang='lat' dir='ltr'><strong>sine</strong></span> <span class='ocrx_word' id='word_1_309' title='bbox 1144 1714 1287 1752; x_wconf 83' lang='lat' dir='ltr'><strong>fructu.</strong></span> <span class='ocrx_word' id='word_1_310' title='bbox 1337 1714 1415 1753; x_wconf 86' lang='lat' dir='ltr'><strong>Sed</strong></span> <span class='ocrx_word' id='word_1_311' title='bbox 1447 1715 1537 1765; x_wconf 89' lang='lat' dir='ltr'><strong>quid</strong></span> <span class='ocrx_word' id='word_1_312' title='bbox 1573 1727 1605 1751; x_wconf 77' lang='lat' dir='ltr'><strong>si</strong></span> <span class='ocrx_word' id='word_1_313' title='bbox 1639 1713 1738 1750; x_wconf 88' lang='lat' dir='ltr'><strong>haec</strong></span> <span class='ocrx_word' id='word_1_314' title='bbox 1770 1712 1890 1750; x_wconf 85' lang='lat' dir='ltr'><strong>totius</strong></span> <span class='ocrx_word' id='word_1_315' title='bbox 1921 1709 1983 1746; x_wconf 85' lang='lat' dir='ltr'><strong>rei</strong></span> 
     </span>
     <span class='ocr_line' id='line_1_32' title="bbox 72 1761 1984 1816; baseline -0.002 -15"><span class='ocrx_word' id='word_1_316' title='bbox 72 1765 328 1815; x_wconf 83' lang='lat' dir='ltr'><strong>perspicuitas</strong></span> <span class='ocrx_word' id='word_1_317' title='bbox 355 1765 394 1801; x_wconf 92' lang='lat' dir='ltr'><strong>in</strong></span> <span class='ocrx_word' id='word_1_318' title='bbox 422 1777 536 1808; x_wconf 85' lang='lat' dir='ltr'><strong>causa</strong></span> <span class='ocrx_word' id='word_1_319' title='bbox 563 1765 699 1812; x_wconf 83' lang='lat' dir='ltr'><strong>fuerit,</strong></span> <span class='ocrx_word' id='word_1_320' title='bbox 738 1772 781 1802; x_wconf 91' lang='lat' dir='ltr'><strong>ut</strong></span> <span class='ocrx_word' id='word_1_321' title='bbox 814 1778 893 1802; x_wconf 89' lang='lat' dir='ltr'><strong>non</strong></span> <span class='ocrx_word' id='word_1_322' title='bbox 919 1765 1069 1816; x_wconf 86' lang='lat' dir='ltr'><strong>singula</strong></span> <span class='ocrx_word' id='word_1_323' title='bbox 1103 1767 1229 1803; x_wconf 84' lang='lat' dir='ltr'><strong>omnia</strong></span> <span class='ocrx_word' id='word_1_324' title='bbox 1265 1765 1469 1816; x_wconf 86' lang='lat' dir='ltr'><strong>diligenter</strong></span> <span class='ocrx_word' id='word_1_325' title='bbox 1503 1762 1840 1815; x_wconf 84' lang='lat' dir='ltr'><strong>expenderentur?</strong></span> <span class='ocrx_word' id='word_1_326' title='bbox 1883 1761 1984 1798; x_wconf 71' lang='lat' dir='ltr'><strong>Nem</strong></span> 
     </span>
     <span class='ocr_line' id='line_1_33' title="bbox 73 1810 1983 1867; baseline -0.004 -14"><span class='ocrx_word' id='word_1_327' title='bbox 73 1825 147 1867; x_wconf 81' lang='lat' dir='ltr'><strong>ego</strong></span> <span class='ocrx_word' id='word_1_328' title='bbox 174 1815 343 1865; x_wconf 86' lang='lat' dir='ltr'><strong>quidem,</strong></span> <span class='ocrx_word' id='word_1_329' title='bbox 369 1815 461 1866; x_wconf 86' lang='lat' dir='ltr'><strong>quid</strong></span> <span class='ocrx_word' id='word_1_330' title='bbox 488 1815 582 1851; x_wconf 89' lang='lat' dir='ltr'><strong>illud</strong></span> <span class='ocrx_word' id='word_1_331' title='bbox 608 1815 668 1860; x_wconf 88' lang='lat' dir='ltr'><strong>sit,</strong></span> <span class='ocrx_word' id='word_1_332' title='bbox 703 1815 798 1852; x_wconf 86' lang='lat' dir='ltr'><strong>Usui</strong></span> <span class='ocrx_word' id='word_1_333' title='bbox 820 1825 853 1852; x_wconf 87' lang='lat' dir='ltr'><strong>et</strong></span> <span class='ocrx_word' id='word_1_334' title='bbox 878 1817 980 1852; x_wconf 87' lang='lat' dir='ltr'><strong>rebus</strong></span> <span class='ocrx_word' id='word_1_335' title='bbox 1006 1817 1204 1854; x_wconf 74' lang='lat' dir='ltr'><strong>subsidium</strong></span> <span class='ocrx_word' id='word_1_336' title='bbox 1221 1818 1449 1866; x_wconf 83' lang='lat' dir='ltr'><strong>praeparari,</strong></span> <span class='ocrx_word' id='word_1_337' title='bbox 1482 1828 1542 1852; x_wconf 92' lang='lat' dir='ltr'><strong>me</strong></span> <span class='ocrx_word' id='word_1_338' title='bbox 1574 1827 1653 1851; x_wconf 89' lang='lat' dir='ltr'><strong>non</strong></span> <span class='ocrx_word' id='word_1_339' title='bbox 1683 1814 1901 1862; x_wconf 74' lang='lat' dir='ltr'><strong>intelligere</strong></span> <span class='ocrx_word' id='word_1_340' title='bbox 1925 1810 1983 1846; x_wconf 73' lang='lat' dir='ltr'><strong>fa-</strong></span> 
     </span>
     <span class='ocr_line' id='line_1_34' title="bbox 72 1860 1983 1917; baseline -0.003 -15"><span class='ocrx_word' id='word_1_341' title='bbox 72 1873 171 1902; x_wconf 86' lang='lat' dir='ltr'><strong>teor.</strong></span> <span class='ocrx_word' id='word_1_342' title='bbox 223 1865 284 1902; x_wconf 88' lang='lat' dir='ltr'><strong>An</strong></span> <span class='ocrx_word' id='word_1_343' title='bbox 312 1877 367 1902; x_wconf 84' lang='lat' dir='ltr'><strong>res</strong></span> <span class='ocrx_word' id='word_1_344' title='bbox 392 1874 568 1915; x_wconf 87' lang='lat' dir='ltr'><strong>tempora</strong></span> <span class='ocrx_word' id='word_1_345' title='bbox 595 1866 735 1902; x_wconf 86' lang='lat' dir='ltr'><strong>dixeris</strong></span> <span class='ocrx_word' id='word_1_346' title='bbox 763 1878 846 1903; x_wconf 87' lang='lat' dir='ltr'><strong>esse</strong></span> <span class='ocrx_word' id='word_1_347' title='bbox 873 1873 913 1903; x_wconf 88' lang='lat' dir='ltr'><strong>et</strong></span> <span class='ocrx_word' id='word_1_348' title='bbox 937 1866 1111 1914; x_wconf 87' lang='lat' dir='ltr'><strong>pericula</strong></span> <span class='ocrx_word' id='word_1_349' title='bbox 1138 1866 1308 1904; x_wconf 86' lang='lat' dir='ltr'><strong>civium?</strong></span> <span class='ocrx_word' id='word_1_350' title='bbox 1341 1865 1420 1904; x_wconf 88' lang='lat' dir='ltr'><strong>Sed</strong></span> <span class='ocrx_word' id='word_1_351' title='bbox 1446 1866 1533 1917; x_wconf 82' lang='lat' dir='ltr'><strong>quis</strong></span> <span class='ocrx_word' id='word_1_352' title='bbox 1557 1866 1611 1904; x_wconf 89' lang='lat' dir='ltr'><strong>ita</strong></span> <span class='ocrx_word' id='word_1_353' title='bbox 1636 1866 1790 1902; x_wconf 82' lang='lat' dir='ltr'><strong>locutus</strong></span> <span class='ocrx_word' id='word_1_354' title='bbox 1814 1869 1884 1912; x_wconf 79' lang='lat' dir='ltr'><strong>est,</strong></span> <span class='ocrx_word' id='word_1_355' title='bbox 1907 1860 1983 1898; x_wconf 83' lang='lat' dir='ltr'><strong>nisi</strong></span> 
     </span>
     <span class='ocr_line' id='line_1_35' title="bbox 75 1914 1984 1965; baseline -0.002 -14"><span class='ocrx_word' id='word_1_356' title='bbox 75 1915 230 1951; x_wconf 78' lang='lat' dir='ltr'><strong>aliunde</strong></span> <span class='ocrx_word' id='word_1_357' title='bbox 257 1915 336 1950; x_wconf 89' lang='lat' dir='ltr'><strong>eius</strong></span> <span class='ocrx_word' id='word_1_358' title='bbox 362 1916 472 1953; x_wconf 83' lang='lat' dir='ltr'><strong>verbi</strong></span> <span class='ocrx_word' id='word_1_359' title='bbox 494 1917 600 1952; x_wconf 90' lang='lat' dir='ltr'><strong>notio</strong></span> <span class='ocrx_word' id='word_1_360' title='bbox 623 1914 988 1952; x_wconf 83' lang='lat' dir='ltr'><strong>circumscribatur?</strong></span> <span class='ocrx_word' id='word_1_361' title='bbox 1013 1916 1128 1965; x_wconf 87' lang='lat' dir='ltr'><strong>quale</strong></span> <span class='ocrx_word' id='word_1_362' title='bbox 1156 1916 1369 1965; x_wconf 82' lang='lat' dir='ltr'><strong>est‚·rebus</strong></span> <span class='ocrx_word' id='word_1_363' title='bbox 1397 1917 1553 1952; x_wconf 87' lang='lat' dir='ltr'><strong>alicuius</strong></span> <span class='ocrx_word' id='word_1_364' title='bbox 1569 1914 1720 1952; x_wconf 77' lang='lat' dir='ltr'><strong>afflictis</strong></span> <span class='ocrx_word' id='word_1_365' title='bbox 1739 1924 1984 1950; x_wconf 83' lang='lat' dir='ltr'><strong>succurrere.</strong></span> 
     </span>
     <span class='ocr_line' id='line_1_36' title="bbox 74 1962 1983 2015; baseline -0.003 -13"><span class='ocrx_word' id='word_1_366' title='bbox 74 1966 125 2002; x_wconf 94' lang='lat' dir='ltr'><strong>Et</strong></span> <span class='ocrx_word' id='word_1_367' title='bbox 151 1964 234 2015; x_wconf 89' lang='lat' dir='ltr'><strong>quis</strong></span> <span class='ocrx_word' id='word_1_368' title='bbox 259 1976 319 2001; x_wconf 88' lang='lat' dir='ltr'><strong>eas</strong></span> <span class='ocrx_word' id='word_1_369' title='bbox 345 1976 404 2001; x_wconf 89' lang='lat' dir='ltr'><strong>res</strong></span> <span class='ocrx_word' id='word_1_370' title='bbox 430 1966 584 2002; x_wconf 87' lang='lat' dir='ltr'><strong>utilitati</strong></span> <span class='ocrx_word' id='word_1_371' title='bbox 614 1966 667 2002; x_wconf 88' lang='lat' dir='ltr'><strong>ita</strong></span> <span class='ocrx_word' id='word_1_372' title='bbox 694 1965 918 2015; x_wconf 87' lang='lat' dir='ltr'><strong>coniungat:</strong></span> <span class='ocrx_word' id='word_1_373' title='bbox 951 1968 1032 2002; x_wconf 84' lang='lat' dir='ltr'><strong>usui</strong></span> <span class='ocrx_word' id='word_1_374' title='bbox 1064 1975 1097 2002; x_wconf 85' lang='lat' dir='ltr'><strong>et</strong></span> <span class='ocrx_word' id='word_1_375' title='bbox 1130 1966 1233 2002; x_wconf 86' lang='lat' dir='ltr'><strong>rebus</strong></span> <span class='ocrx_word' id='word_1_376' title='bbox 1269 1967 1467 2003; x_wconf 84' lang='lat' dir='ltr'><strong>subsidium</strong></span> <span class='ocrx_word' id='word_1_377' title='bbox 1499 1962 1736 2015; x_wconf 83' lang='lat' dir='ltr'><strong>praeparare?</strong></span> <span class='ocrx_word' id='word_1_378' title='bbox 1777 1962 1883 1999; x_wconf 91' lang='lat' dir='ltr'><strong>nulla</strong></span> <span class='ocrx_word' id='word_1_379' title='bbox 1924 1968 1983 1998; x_wconf 87' lang='lat' dir='ltr'><strong>est</strong></span> 
     </span>
     <span class='ocr_line' id='line_1_37' title="bbox 75 2012 1983 2066; baseline -0.002 -14"><span class='ocrx_word' id='word_1_380' title='bbox 75 2027 209 2052; x_wconf 86' lang='lat' dir='ltr'><strong>earum</strong></span> <span class='ocrx_word' id='word_1_381' title='bbox 233 2015 430 2051; x_wconf 86' lang='lat' dir='ltr'><strong>notionum</strong></span> <span class='ocrx_word' id='word_1_382' title='bbox 457 2022 561 2051; x_wconf 91' lang='lat' dir='ltr'><strong>tanta</strong></span> <span class='ocrx_word' id='word_1_383' title='bbox 590 2016 692 2053; x_wconf 89' lang='lat' dir='ltr'><strong>inter</strong></span> <span class='ocrx_word' id='word_1_384' title='bbox 718 2028 760 2053; x_wconf 89' lang='lat' dir='ltr'><strong>se</strong></span> <span class='ocrx_word' id='word_1_385' title='bbox 787 2016 1010 2066; x_wconf 76' lang='lat' dir='ltr'><strong>similitudo,</strong></span> <span class='ocrx_word' id='word_1_386' title='bbox 1040 2024 1083 2052; x_wconf 88' lang='lat' dir='ltr'><strong>ut</strong></span> <span class='ocrx_word' id='word_1_387' title='bbox 1109 2015 1163 2052; x_wconf 87' lang='lat' dir='ltr'><strong>sic</strong></span> <span class='ocrx_word' id='word_1_388' title='bbox 1198 2016 1434 2064; x_wconf 90' lang='lat' dir='ltr'><strong>copulentur.</strong></span> <span class='ocrx_word' id='word_1_389' title='bbox 1486 2017 1563 2054; x_wconf 83' lang='lat' dir='ltr'><strong>Vix</strong></span> <span class='ocrx_word' id='word_1_390' title='bbox 1595 2016 1693 2052; x_wconf 89' lang='lat' dir='ltr'><strong>haec</strong></span> <span class='ocrx_word' id='word_1_391' title='bbox 1720 2014 1855 2063; x_wconf 80' lang='lat' dir='ltr'><strong>ferres,</strong></span> <span class='ocrx_word' id='word_1_392' title='bbox 1889 2012 1983 2050; x_wconf 66' lang='lat' dir='ltr'><strong>Usta·</strong></span> 
     </span>
     <span class='ocr_line' id='line_1_38' title="bbox 75 2061 1983 2116; baseline -0.003 -14"><span class='ocrx_word' id='word_1_393' title='bbox 75 2074 109 2102; x_wconf 87' lang='lat' dir='ltr'><strong>et</strong></span> <span class='ocrx_word' id='word_1_394' title='bbox 129 2064 294 2113; x_wconf 85' lang='lat' dir='ltr'><strong>periculis</strong></span> <span class='ocrx_word' id='word_1_395' title='bbox 320 2065 518 2100; x_wconf 85' lang='lat' dir='ltr'><strong>subsidium</strong></span> <span class='ocrx_word' id='word_1_396' title='bbox 536 2077 687 2112; x_wconf 81' lang='lat' dir='ltr'><strong>parare,</strong></span> <span class='ocrx_word' id='word_1_397' title='bbox 721 2066 864 2102; x_wconf 91' lang='lat' dir='ltr'><strong>nedum</strong></span> <span class='ocrx_word' id='word_1_398' title='bbox 895 2067 1007 2103; x_wconf 86' lang='lat' dir='ltr'><strong>rebus.</strong></span> <span class='ocrx_word' id='word_1_399' title='bbox 1057 2065 1177 2116; x_wconf 87' lang='lat' dir='ltr'><strong>Igitur</strong></span> <span class='ocrx_word' id='word_1_400' title='bbox 1208 2065 1384 2106; x_wconf 60' lang='lat' dir='ltr'><strong>fortasse&gt;</strong></span> <span class='ocrx_word' id='word_1_401' title='bbox 1401 2066 1448 2101; x_wconf 85' lang='lat' dir='ltr'><strong>ad</strong></span> <span class='ocrx_word' id='word_1_402' title='bbox 1481 2065 1525 2103; x_wconf 78' lang='grc' dir='ltr'><strong>ἓν</strong></span> <span class='ocrx_word' id='word_1_403' title='bbox 1553 2063 1763 2102; x_wconf 19' lang='grc' dir='ltr'><em>ὁιὰγδυοῒν</em></span> <span class='ocrx_word' id='word_1_404' title='bbox 1790 2061 1983 2112; x_wconf 82' lang='lat' dir='ltr'><strong>confugie-</strong></span> 
     </span>
     <span class='ocr_line' id='line_1_39' title="bbox 74 2113 1982 2166; baseline -0.001 -16"><span class='ocrx_word' id='word_1_405' title='bbox 74 2114 186 2152; x_wconf 86' lang='lat' dir='ltr'><strong>mus?</strong></span> <span class='ocrx_word' id='word_1_406' title='bbox 210 2113 287 2151; x_wconf 78' lang='lat' dir='ltr'><strong>Se&#39;d</strong></span> <span class='ocrx_word' id='word_1_407' title='bbox 315 2113 398 2164; x_wconf 87' lang='lat' dir='ltr'><strong>quis</strong></span> <span class='ocrx_word' id='word_1_408' title='bbox 424 2114 476 2151; x_wconf 86' lang='lat' dir='ltr'><strong>ita</strong></span> <span class='ocrx_word' id='word_1_409' title='bbox 500 2115 760 2153; x_wconf 87' lang='lat' dir='ltr'><strong>nancisceris?</strong></span> <span class='ocrx_word' id='word_1_410' title='bbox 782 2118 869 2153; x_wconf 86' lang='lat' dir='ltr'><strong>Non</strong></span> <span class='ocrx_word' id='word_1_411' title='bbox 894 2115 1019 2153; x_wconf 84' lang='lat' dir='ltr'><strong>famae</strong></span> <span class='ocrx_word' id='word_1_412' title='bbox 1044 2115 1221 2165; x_wconf 88' lang='lat' dir='ltr'><strong>oratoris,</strong></span> <span class='ocrx_word' id='word_1_413' title='bbox 1247 2115 1317 2152; x_wconf 89' lang='lat' dir='ltr'><strong>sed</strong></span> <span class='ocrx_word' id='word_1_414' title='bbox 1342 2128 1470 2153; x_wconf 89' lang='lat' dir='ltr'><strong>rerum</strong></span> <span class='ocrx_word' id='word_1_415' title='bbox 1495 2116 1582 2154; x_wconf 90' lang='lat' dir='ltr'><strong>usui</strong></span> <span class='ocrx_word' id='word_1_416' title='bbox 1607 2114 1790 2166; x_wconf 87' lang='lat' dir='ltr'><strong>prospici.</strong></span> <span class='ocrx_word' id='word_1_417' title='bbox 1836 2114 1982 2161; x_wconf 83' lang='lat' dir='ltr'><strong>Nempe</strong></span> 
     </span>
     <span class='ocr_line' id='line_1_40' title="bbox 73 2163 1982 2214; baseline -0.002 -13"><span class='ocrx_word' id='word_1_418' title='bbox 73 2163 201 2201; x_wconf 82' lang='lat' dir='ltr'><strong>famae</strong></span> <span class='ocrx_word' id='word_1_419' title='bbox 227 2164 282 2201; x_wconf 88' lang='lat' dir='ltr'><strong>sic</strong></span> <span class='ocrx_word' id='word_1_420' title='bbox 309 2164 507 2213; x_wconf 88' lang='lat' dir='ltr'><strong>oppositus</strong></span> <span class='ocrx_word' id='word_1_421' title='bbox 535 2178 623 2202; x_wconf 90' lang='lat' dir='ltr'><strong>usus</strong></span> <span class='ocrx_word' id='word_1_422' title='bbox 647 2166 932 2214; x_wconf 75' lang='lat' dir='ltr'><strong>pertinebit‘ad</strong></span> <span class='ocrx_word' id='word_1_423' title='bbox 952 2174 1158 2206; x_wconf 85' lang='lat' dir='ltr'><strong>oratorem.</strong></span> <span class='ocrx_word' id='word_1_424' title='bbox 1186 2166 1353 2203; x_wconf 81' lang='lat' dir='ltr'><strong>oratoris</strong></span> <span class='ocrx_word' id='word_1_425' title='bbox 1377 2178 1473 2204; x_wconf 86' lang='lat' dir='ltr'><strong>vero</strong></span> <span class='ocrx_word' id='word_1_426' title='bbox 1501 2180 1593 2204; x_wconf 89' lang='lat' dir='ltr'><strong>usus</strong></span> <span class='ocrx_word' id='word_1_427' title='bbox 1619 2180 1696 2205; x_wconf 88' lang='lat' dir='ltr'><strong>non</strong></span> <span class='ocrx_word' id='word_1_428' title='bbox 1722 2172 1804 2201; x_wconf 89' lang='lat' dir='ltr'><strong>erat</strong></span> <span class='ocrx_word' id='word_1_429' title='bbox 1829 2174 1982 2199; x_wconf 88' lang='lat' dir='ltr'><strong>sumen-</strong></span> 
     </span>
     <span class='ocr_line' id='line_1_41' title="bbox 76 2210 1983 2268; baseline -0.002 -17"><span class='ocrx_word' id='word_1_430' title='bbox 76 2214 164 2262; x_wconf 91' lang='lat' dir='ltr'><strong>dus,</strong></span> <span class='ocrx_word' id='word_1_431' title='bbox 195 2214 264 2251; x_wconf 79' lang='lat' dir='ltr'><strong>sed</strong></span> <span class='ocrx_word' id='word_1_432' title='bbox 298 2214 547 2251; x_wconf 90' lang='lat' dir='ltr'><strong>conclusione</strong></span> <span class='ocrx_word' id='word_1_433' title='bbox 583 2215 844 2254; x_wconf 85' lang='lat' dir='ltr'><strong>inveniendus.</strong></span> <span class='ocrx_word' id='word_1_434' title='bbox 913 2217 964 2253; x_wconf 88' lang='lat' dir='ltr'><strong>Et</strong></span> <span class='ocrx_word' id='word_1_435' title='bbox 996 2215 1138 2258; x_wconf 86' lang='lat' dir='ltr'><strong>ferrem</strong></span> <span class='ocrx_word' id='word_1_436' title='bbox 1168 2215 1268 2253; x_wconf 84' lang='lat' dir='ltr'><strong>hanc</strong></span> <span class='ocrx_word' id='word_1_437' title='bbox 1299 2215 1609 2268; x_wconf 81' lang='lat' dir='ltr'><strong>ambiguitatem&#39;3</strong></span> <span class='ocrx_word' id='word_1_438' title='bbox 1644 2229 1731 2253; x_wconf 88' lang='lat' dir='ltr'><strong>nam</strong></span> <span class='ocrx_word' id='word_1_439' title='bbox 1769 2210 1983 2262; x_wconf 82' lang='lat' dir='ltr'><strong>sequentia,</strong></span> 
     </span>
     <span class='ocr_line' id='line_1_42' title="bbox 75 2260 1982 2317; baseline -0.003 -15"><span class='ocrx_word' id='word_1_440' title='bbox 75 2266 197 2313; x_wconf 82' lang='lat' dir='ltr'><strong>nequis</strong></span> <span class='ocrx_word' id='word_1_441' title='bbox 215 2265 418 2313; x_wconf 83' lang='lat' dir='ltr'><strong>potentibus</strong></span> <span class='ocrx_word' id='word_1_442' title='bbox 442 2266 622 2302; x_wconf 77' lang='lat' dir='ltr'><strong>obnoxius</strong></span> <span class='ocrx_word' id='word_1_443' title='bbox 645 2269 704 2315; x_wconf 86' lang='lat' dir='ltr'><strong>sit,</strong></span> <span class='ocrx_word' id='word_1_444' title='bbox 729 2274 887 2316; x_wconf 81' lang='lat' dir='ltr'><strong>possent</strong></span> <span class='ocrx_word' id='word_1_445' title='bbox 912 2266 1182 2317; x_wconf 70' lang='lat' dir='ltr'><strong>aliquomodo</strong></span> <span class='ocrx_word' id='word_1_446' title='bbox 1209 2267 1428 2304; x_wconf 79' lang='lat' dir='ltr'><strong>orationem</strong></span> <span class='ocrx_word' id='word_1_447' title='bbox 1454 2268 1503 2304; x_wconf 88' lang='lat' dir='ltr'><strong>ab</strong></span> <span class='ocrx_word' id='word_1_448' title='bbox 1528 2275 1684 2304; x_wconf 84' lang='lat' dir='ltr'><strong>oratore</strong></span> <span class='ocrx_word' id='word_1_449' title='bbox 1710 2263 1756 2300; x_wconf 89' lang='lat' dir='ltr'><strong>ad</strong></span> <span class='ocrx_word' id='word_1_450' title='bbox 1784 2262 1891 2299; x_wconf 87' lang='lat' dir='ltr'><strong>cives</strong></span> <span class='ocrx_word' id='word_1_451' title='bbox 1919 2260 1982 2297; x_wconf 86' lang='lat' dir='ltr'><strong>de-</strong></span> 
     </span>
     <span class='ocr_line' id='line_1_43' title="bbox 77 2310 1981 2368; baseline -0.003 -17"><span class='ocrx_word' id='word_1_452' title='bbox 77 2315 217 2353; x_wconf 87' lang='lat' dir='ltr'><strong>clinare</strong></span> <span class='ocrx_word' id='word_1_453' title='bbox 248 2314 392 2361; x_wconf 84' lang='lat' dir='ltr'><strong>videri3</strong></span> <span class='ocrx_word' id='word_1_454' title='bbox 431 2315 463 2351; x_wconf 89' lang='lat' dir='ltr'><strong>si</strong></span> <span class='ocrx_word' id='word_1_455' title='bbox 491 2316 610 2361; x_wconf 81' lang='lat' dir='ltr'><strong>modo</strong></span> <span class='ocrx_word' id='word_1_456' title='bbox 650 2318 729 2353; x_wconf 87' lang='lat' dir='ltr'><strong>tale</strong></span> <span class='ocrx_word' id='word_1_457' title='bbox 764 2316 941 2365; x_wconf 85' lang='lat' dir='ltr'><strong>verbum,</strong></span> <span class='ocrx_word' id='word_1_458' title='bbox 976 2316 1088 2367; x_wconf 84' lang='lat' dir='ltr'><strong>quale</strong></span> <span class='ocrx_word' id='word_1_459' title='bbox 1122 2325 1177 2354; x_wconf 85' lang='lat' dir='ltr'><strong>est</strong></span> <span class='ocrx_word' id='word_1_460' title='bbox 1202 2320 1363 2366; x_wconf 81' lang='lat' dir='ltr'><strong>prospici</strong></span> <span class='ocrx_word' id='word_1_461' title='bbox 1392 2318 1613 2368; x_wconf 86' lang='lat' dir='ltr'><strong>legeremus.</strong></span> <span class='ocrx_word' id='word_1_462' title='bbox 1665 2314 1736 2350; x_wconf 88' lang='lat' dir='ltr'><strong>Sed</strong></span> <span class='ocrx_word' id='word_1_463' title='bbox 1801 2311 1870 2348; x_wconf 87' lang='lat' dir='ltr'><strong>uid</strong></span> <span class='ocrx_word' id='word_1_464' title='bbox 1901 2310 1981 2347; x_wconf 82' lang='lat' dir='ltr'><strong>hoc</strong></span> 
     </span>
     <span class='ocr_line' id='line_1_44' title="bbox 77 2362 1981 2421; baseline -0.001 -21"><span class='ocrx_word' id='word_1_465' title='bbox 77 2372 153 2414; x_wconf 88' lang='lat' dir='ltr'><strong>est,</strong></span> <span class='ocrx_word' id='word_1_466' title='bbox 182 2378 300 2403; x_wconf 85' lang='lat' dir='ltr'><strong>rerum</strong></span> <span class='ocrx_word' id='word_1_467' title='bbox 333 2366 414 2402; x_wconf 88' lang='lat' dir='ltr'><strong>usui</strong></span> <span class='ocrx_word' id='word_1_468' title='bbox 436 2366 633 2404; x_wconf 84' lang='lat' dir='ltr'><strong>subsidium</strong></span> <span class='ocrx_word' id='word_1_469' title='bbox 648 2365 880 2416; x_wconf 82' lang='lat' dir='ltr'><strong>praeparari?</strong></span> <span class='ocrx_word' id='word_1_470' title='bbox 910 2367 1012 2421; x_wconf 83' lang='lat' dir='ltr'><strong>Quid</strong></span> <span class='ocrx_word' id='word_1_471' title='bbox 1033 2367 1207 2415; x_wconf 91' lang='lat' dir='ltr'><strong>omniuo,</strong></span> <span class='ocrx_word' id='word_1_472' title='bbox 1234 2369 1314 2405; x_wconf 88' lang='lat' dir='ltr'><strong>usui</strong></span> <span class='ocrx_word' id='word_1_473' title='bbox 1331 2380 1545 2417; x_wconf 83' lang='lat' dir='ltr'><strong>praeparare</strong></span> <span class='ocrx_word' id='word_1_474' title='bbox 1576 2365 1792 2402; x_wconf 79' lang='lat' dir='ltr'><strong>subsidium.</strong></span> <span class='ocrx_word' id='word_1_475' title='bbox 1840 2362 1981 2399; x_wconf 79' lang='lat' dir='ltr'><strong>Nonne</strong></span> 
     </span>
     <span class='ocr_line' id='line_1_45' title="bbox 78 2415 1981 2468; baseline -0.001 -17"><span class='ocrx_word' id='word_1_476' title='bbox 78 2423 235 2462; x_wconf 83' lang='lat' dir='ltr'><strong>apparet</strong></span> <span class='ocrx_word' id='word_1_477' title='bbox 258 2416 359 2453; x_wconf 91' lang='lat' dir='ltr'><strong>hunc</strong></span> <span class='ocrx_word' id='word_1_478' title='bbox 393 2415 563 2454; x_wconf 84' lang='lat' dir='ltr'><strong>dativum</strong></span> <span class='ocrx_word' id='word_1_479' title='bbox 595 2430 674 2454; x_wconf 89' lang='lat' dir='ltr'><strong>non</strong></span> <span class='ocrx_word' id='word_1_480' title='bbox 707 2417 882 2468; x_wconf 82' lang='lat' dir='ltr'><strong>proxime</strong></span> <span class='ocrx_word' id='word_1_481' title='bbox 915 2417 1057 2455; x_wconf 86' lang='lat' dir='ltr'><strong>referri</strong></span> <span class='ocrx_word' id='word_1_482' title='bbox 1084 2418 1133 2454; x_wconf 88' lang='lat' dir='ltr'><strong>ad</strong></span> <span class='ocrx_word' id='word_1_483' title='bbox 1159 2418 1380 2467; x_wconf 90' lang='lat' dir='ltr'><strong>subsidium,</strong></span> <span class='ocrx_word' id='word_1_484' title='bbox 1405 2417 1472 2454; x_wconf 90' lang='lat' dir='ltr'><strong>sed</strong></span> <span class='ocrx_word' id='word_1_485' title='bbox 1499 2428 1583 2453; x_wconf 89' lang='lat' dir='ltr'><strong>esse</strong></span> <span class='ocrx_word' id='word_1_486' title='bbox 1616 2416 1666 2452; x_wconf 86' lang='lat' dir='ltr'><strong>ad</strong></span> <span class='ocrx_word' id='word_1_487' title='bbox 1692 2427 1809 2459; x_wconf 90' lang='lat' dir='ltr'><strong>usum,</strong></span> <span class='ocrx_word' id='word_1_488' title='bbox 1829 2421 1981 2462; x_wconf 82' lang='lat' dir='ltr'><strong>propter</strong></span> 
     </span>
     <span class='ocr_line' id='line_1_46' title="bbox 77 2463 1984 2518; baseline 0.002 -20"><span class='ocrx_word' id='word_1_489' title='bbox 77 2465 275 2511; x_wconf 84' lang='lat' dir='ltr'><strong>utilitatem,</strong></span> <span class='ocrx_word' id='word_1_490' title='bbox 302 2467 505 2517; x_wconf 84' lang='lat' dir='ltr'><strong>proprium</strong></span> <span class='ocrx_word' id='word_1_491' title='bbox 532 2475 658 2504; x_wconf 89' lang='lat' dir='ltr'><strong>autem</strong></span> <span class='ocrx_word' id='word_1_492' title='bbox 681 2469 870 2514; x_wconf 86' lang='lat' dir='ltr'><strong>dativum,</strong></span> <span class='ocrx_word' id='word_1_493' title='bbox 894 2471 952 2505; x_wconf 89' lang='lat' dir='ltr'><strong>cui</strong></span> <span class='ocrx_word' id='word_1_494' title='bbox 975 2468 1188 2506; x_wconf 88' lang='lat' dir='ltr'><strong>subsidium</strong></span> <span class='ocrx_word' id='word_1_495' title='bbox 1212 2475 1480 2518; x_wconf 84' lang='lat' dir='ltr'><strong>praeparetur,</strong></span> <span class='ocrx_word' id='word_1_496' title='bbox 1505 2465 1659 2504; x_wconf 84' lang='lat' dir='ltr'><strong>deesse?</strong></span> <span class='ocrx_word' id='word_1_497' title='bbox 1700 2463 1855 2502; x_wconf 88' lang='lat' dir='ltr'><strong>Deinde</strong></span> <span class='ocrx_word' id='word_1_498' title='bbox 1886 2474 1984 2502; x_wconf 78' lang='lat' dir='ltr'><strong>vero</strong></span> 
     </span>
     <span class='ocr_line' id='line_1_47' title="bbox 74 2514 1982 2570; baseline 0.001 -19"><span class='ocrx_word' id='word_1_499' title='bbox 74 2527 201 2553; x_wconf 89' lang='lat' dir='ltr'><strong>nonne</strong></span> <span class='ocrx_word' id='word_1_500' title='bbox 229 2515 357 2567; x_wconf 80' lang='lat' dir='ltr'><strong>vides,</strong></span> <span class='ocrx_word' id='word_1_501' title='bbox 389 2517 577 2570; x_wconf 78' lang='lat' dir='ltr'><strong>eiusmodi</strong></span> <span class='ocrx_word' id='word_1_502' title='bbox 611 2518 781 2558; x_wconf 85' lang='lat' dir='ltr'><strong>dativum</strong></span> <span class='ocrx_word' id='word_1_503' title='bbox 813 2520 1032 2558; x_wconf 84' lang='lat' dir='ltr'><strong>necessario</strong></span> <span class='ocrx_word' id='word_1_504' title='bbox 1066 2517 1249 2570; x_wconf 84' lang='lat' dir='ltr'><strong>flagitari,</strong></span> <span class='ocrx_word' id='word_1_505' title='bbox 1283 2531 1361 2568; x_wconf 79' lang='lat' dir='ltr'><strong>quo</strong></span> <span class='ocrx_word' id='word_1_506' title='bbox 1395 2529 1474 2556; x_wconf 82' lang='lat' dir='ltr'><strong>non</strong></span> <span class='ocrx_word' id='word_1_507' title='bbox 1504 2517 1679 2568; x_wconf 88' lang='lat' dir='ltr'><strong>patroni,</strong></span> <span class='ocrx_word' id='word_1_508' title='bbox 1715 2515 1785 2554; x_wconf 86' lang='lat' dir='ltr'><strong>sed</strong></span> <span class='ocrx_word' id='word_1_509' title='bbox 1816 2514 1982 2554; x_wconf 86' lang='lat' dir='ltr'><strong>aliorum</strong></span> 
     </span>
    </p>
   </div>
  </div>
 </body>
</html>
