2152 2691
926 39 1210 121 -7'-

110 219 343 248 enumerare
363 214 464 246 esset
486 202 638 254 Populi.
654 202 818 240 Romani
848 202 1098 240 conscribere
1129 200 1352 239 historiam!
1392 202 1542 251 Itaque,
1574 211 1805 251 quemquam
1834 209 2019 249 praesens

105 269 255 309 paratur
288 258 381 295 facit
405 264 449 291 ut
480 254 674 308 haeream,
705 255 828 290 tamen
862 252 1027 291 fortasse
1061 253 1190 290 statim
1214 259 1307 301 pont
1335 262 1480 288 <nomen
1508 250 1626 288 Silani
1642 251 1870 302 proceandis
1892 249 2020 296 Asiae,

106 310 224 360 plene
254 303 603 356 interpungendum
618 315 621 318 ⁴
636 311 736 350 eret'3
770 309 881 340 certe
910 310 1036 340 autem
1063 301 1317 353 disiungenda
1343 301 1468 339 oratio
1495 308 1554 336 est
1578 300 1797 350 insequens,
1820 311 1921 349 quae
1975 311 2020 336 er

108 373 182 397 non
207 360 307 406 quia,
341 368 463 393 verum
494 354 696 391 facinoris.
713 365 845 391 causas
880 365 1072 403 exponere
1099 354 1241 403 pergit.
1293 352 1479 389 Similiter
1509 352 1522 387 i
1552 351 1628 388 'tur
1656 361 1760 387 nunc
1786 350 1896 387 triste
1922 350 1931 359 “
1965 348 2021 387 ud

109 417 151 446 et
183 407 302 445 fatale
337 404 625 443 matrimonium
656 403 744 440 anni
783 398 948 441 ineuntis
979 403 1097 440 index
1130 410 1200 440 est.
1262 404 1324 439 Ex
1355 414 1432 452 quo
1468 413 1489 437 e
1537 402 1636 437 citur
1667 407 1712 438 ut
1744 401 2019 437 matrimoniwn

102 467 253 508 pactum
275 469 353 494 non
386 455 576 506 privatam
605 452 925 501 transactionem,
948 461 992 491 ut
1018 454 1057 490 in
1082 465 1165 503 cap.
1191 454 1319 500 tertio,
1352 452 1520 501 denotet,
1545 451 1615 489 sed
1639 451 1825 489 solemnia
1849 449 2017 500 publica.

107 507 241 546 eodem
272 507 389 557 plane
413 505 668 555 vmodosque
703 504 836 546 statim,
861 512 950 554 post
983 505 1146 541 illicitum
1175 515 1339 540 amorem
1370 511 1553 553 tanquam
1584 513 1668 538 rem
1701 502 1816 538 aliam
1846 503 2019 538 incesmm

106 564 407 606 commemorat,
430 555 544 606 atque
571 554 795 605 etiamwsper·
810 555 1039 604 particulam
1062 556 1149 603 quin
1175 561 1309 604 auget,
1341 553 1432 604 quia
1458 551 1604 589 factum
1629 551 1817 589 incestum
1842 564 1865 588 a
1889 550 2020 601 religi·

106 608 292 646 osis-eius
322 606 564 643 caerimoniis
598 604 828 656 distinguere
862 606 979 657 cupit.
1031 606 1244 655 Postquam
1277 612 1403 641 autem
1435 602 1555 639 semel
1578 602 1617 638 in
1644 602 1802 639 alteram
1827 603 2020 650 interpre-

109 658 217 695 tandi
242 657 483 707 provinciam
511 656 628 693 delati
658 670 799 705 sumus,
824 656 949 695 verbo
972 664 1171 707 tangamus
1200 662 1315 705 capnt
1338 654 1578 704 proximum,
1599 660 1765 701 sextum,
1796 652 1836 689 in
1861 665 1941 704 quo
1970 652 2020 689 vi·

110 710 220 745 duam
238 720 315 744 non
334 714 439 744 recte
456 707 615 757 intelligi
631 707 755 754 video,
780 720 869 745 nam
893 720 969 746 non
995 720 1081 744 eam
1107 714 1225 757 notat,
1253 718 1353 757 quae
1382 705 1457 741 iam
1485 703 1604 740 semel
1630 703 1741 741 bisve
1758 703 1937 740 maritum
1957 713 2020 740 ex-

102 766 213 812 perta
239 758 329 803 dein
356 757 450 802 Qrba
467 758 608 802 ,relicta
634 765 703 807 est,
736 758 1047 809 sed‚eam,‘quae
1073 757 1230 808 omnino
1256 768 1378 795 vacua
1405 763 1464 792 est
1490 762 1529 791 et
1555 754 1714 804 innupta
1723 766 1736 801 3
1764 754 1801 790 ei
1825 752 1924 791 enim
1950 764 2020 802 op·

104 803 214 858 ptinit
237 820 316 845 sua
342 809 575 845 matrimonia
602 808 792 845 colentem
816 808 1033 858 principem
1059 809 1083 844 i.
1110 820 1143 845 e.
1171 808 1382 846 alienorum
1408 818 1486 843 non
1514 811 1775 855 appetentem.

911 894 1023 947 Ann,
1049 896 1140 942 ΧΠ,
1163 895 1200 933 7.

290 954 532 1003 senatumque
557 956 736 1001 ingressus
763 947 1189 1003 [Claudius1'decrecum
1208 957 1388 1005 postulat,
1423 968 1493 1004 quo
1522 956 1634 991 iustae
1653 964 1807 1003 patruos
1832 956 1923 991 inter
1935 952 2017 1003 fra-

106 1014 268 1053 trumque
291 1004 395 1053 filias
424 1006 567 1053 nuptiae
601 1007 709 1042 etiam
735 1007 772 1042 in
789 1007 985 1054 posterum
1001 1015 1246 1056 statuerentur.
1278 1006 1406 1054 Neque
1432 1014 1552 1042 tamen
1576 1013 1731 1053 receptus
1756 1013 1809 1041 est
1833 1005 1903 1042 nisi
1927 1015 2020 1041 unus

104 1056 186 1091 talis
210 1057 434 1091 matrimonii
459 1057 607 1102 cupitor.

284 1131 373 1166 Non
401 1142 492 1166 sane
519 1129 738 1179 spernenda
765 1137 849 1167 erat
875 1128 1018 1178 optima
1046 1128 1190 1167 codicis
1215 1129 1345 1180 lectio,
1367 1139 1524 1180 receptus
1550 1137 1613 1180 est,
1639 1128 1748 1181 quasi
1772 1128 1811 1166 in
1838 1126 1936 1165 illud
1961 1138 2020 1164 sa-

106 1191 214 1216 crum
239 1178 476 1216 incestorum
503 1180 603 1216 colle
632 1180 723 1215 ium.
775 1180 817 1215 Si
842 1191 929 1215 cum
953 1179 1122 1229 vulgatis-
1140 1180 1251 1216 libris
1278 1180 1388 1229 legis,
1413 1190 1571 1229 repertus
1595 1189 1659 1227 est,
1684 1180 1780 1216 nihil
1807 1178 1937 1227 discis,
1961 1177 2018 1213 ni·

104 1229 138 1267 si
162 1229 256 1267 facti
280 1229 493 1281 raritatem,
518 1192 688 1268 amofirss
713 1229 873 1281 legitimi
897 1229 1004 1267 istius
1030 1229 1280 1281 matrimonii,
1306 1230 1345 1267 in
1428 1230 1479 1268 od
1504 1229 1726 1281 invitabant,
1759 1228 1940 1267 acerbam
1965 1227 2017 1264 ir-

103 1280 302 1316 risionem.
350 1281 567 1330 Adiungam
599 1281 662 1317 hic
695 1281 822 1316 statim
856 1293 939 1329 cap.
974 1281 1017 1326 8,
1047 1281 1086 1316 in
1120 1293 1197 1330 quo
1225 1281 1331 1331 quod
1356 1294 1381 1330 p
1400 1282 1534 1331 erique
1564 1282 1639 1318 iam
1666 1280 1859 1329 viderunt,
1885 1289 2016 1329 neque

103 1338 229 1368 tamen
252 1329 382 1367 Rit'ter
407 1338 562 1368 secutus
590 1337 659 1379 est,
692 1329 935 1379 recipiendus
963 1329 1117 1366 omnino
1145 1330 1290 1367 codicis
1316 1331 1475 1380 pluralis
1503 1337 1569 1380 est,
1594 1340 1792 1377 uterentur3
1823 1342 1914 1366 nam
1938 1339 2016 1364 non

102 1381 221 1420 modo
247 1381 360 1417 simul
387 1380 436 1417 ad
461 1381 717 1430 Agrippinam
739 1380 969 1418 referendus
994 1388 1063 1425 est,
1088 1380 1158 1417 sed
1183 1381 1305 1431 magis
1331 1381 1443 1418 etiam
1468 1381 1517 1418 ad
1541 1381 1653 1428 hanc,
1679 1393 1795 1432 qnam
1820 1379 1870 1417 ad
1894 1379 2019 1416 Nero-

102 1442 203 1479 nem,
228 1430 294 1468 vix
314 1438 398 1467 tum
425 1431 770 1477 adolescentulum,
788 1443 916 1481 neque
942 1431 1076 1467 talium
1100 1442 1294 1480 capacem.
1327 1432 1468 1467 Seneca
1496 1431 1594 1467 enim
1619 1430 1819 1467 restitutus
1849 1429 2018 1467 traditur

102 1487 139 1517 et
162 1487 346 1529 praetura
373 1488 517 1525 auctus,
548 1489 588 1516 ut
619 1481 776 1517 Domitii
803 1482 957 1528 pueritia
985 1481 1050 1517 tali
1081 1482 1257 1532 magistro
1290 1481 1502 1518 adolesceret
1533 1489 1567 1517 et
1598 1480 1757 1517 consiliis
1789 1480 1947 1517 eiusdem
1968 1478 2018 1515 ad

101 1542 202 1579 spem
225 1531 481 1568 dominationis
506 1539 695 1567 uterentur.
714 1568 717 1571 ,
940 1541 944 1543 ‘

894 1584 1004 1628 Anu.
1031 1592 1122 1642 ΧΠ,
1147 1592 1209 1630 20.

298 1654 372 1692 Sed
396 1655 629 1692 disserebatur
655 1664 792 1701 contra,
820 1657 952 1702 suscipi
977 1654 1106 1690 bellum
1129 1656 1211 1691 avio
1239 1654 1373 1703 itinere,
1404 1655 1628 1703 importuoso
1653 1656 1768 1697 mari3
1799 1655 1850 1691 ad
1872 1653 1940 1691 hoc
1965 1664 2014 1689 re-

101 1715 166 1751 ges
187 1705 343 1755 feroces,
380 1716 492 1752 vagos
513 1705 684 1754 populos,
717 1705 836 1741 solum
855 1706 1014 1752 frugum
1039 1715 1164 1750 egens-3
1200 1713 1279 1740 tum
1305 1705 1461 1741 taedium
1485 1714 1519 1741 et
1543 1717 1660 1751 mora,
1679 1705 1840 1754 pericula
1864 1716 1917 1740 ea:-
1930 1715 2015 1752 pro-

97 1757 276 1805 perantia,
308 1757 490 1799 modicam
522 1757 710 1792 victoribus
742 1755 895 1803 laudem,
926 1767 968 1791 ac
1000 1755 1155 1793 multum
1179 1755 1364 1804 infamiae,
1395 1757 1427 1792 si
1445 1755 1667 1804 pellerentur.
1722 1754 1824 1808 Quin
1847 1755 2015 1803 arriperet

103 1805 224 1841 oblata
249 1815 282 1841 ec
303 1807 640 1852 servaret-exulem3
674 1806 759 1854 quin
790 1806 889 1853 inopi
914 1815 1049 1854 quanto
1075 1806 1278 1853 longiorem
1302 1807 1426 1854 vitam,
1456 1815 1555 1843 tanto
1576 1807 1662 1854 plus
1687 1807 1850 1855 supplicii
1863 1806 1965 1856 fore.

252 1887 254 1890 ⁴
284 1880 423 1917 Rarius
437 1880 520 1919 fieri
547 1880 656 1931 solet,
675 1888 718 1918 ut
741 1880 841 1918 duae
863 1880 1153 1918 adversationes
1179 1893 1252 1930 per
1276 1883 1504 1931 particulam
1529 1885 1615 1931 quin
1639 1882 1819 1919 inductae
1844 1893 1930 1919 sese
1952 1892 2014 1918 exb

104 1930 263 1979 cipiant3
300 1943 531 1982 quamquam
557 1931 597 1968 in
624 1931 717 1980 aliis,
747 1931 853 1968 velut
876 1932 949 1978 sed,
969 1930 1064 1967 nihil
1092 1938 1149 1968 est
1174 1932 1422 1982 frequentius.
1473 1934 1607 1984 Itaque
1633 1933 1797 1970 alterum
1822 1934 1909 1981 quin
1933 1944 2016 1969 mu-

103 1987 239 2017 tarunt
258 1979 296 2016 in
315 1980 487 2020 dativum
513 1984 580 2019 cui.
615 1981 694 2018 Sed
717 1989 846 2019 tamen
899 1981 966 2018 uid
992 1980 1131 2029 obstat,
1159 1994 1236 2039 quo
1257 1982 1380 2019 minus
1407 1984 1512 2019 illam
1543 1983 1758 2020 orationem
1789 1982 2016 2033 praetulerit

106 2030 276 2080 Tacitus,
310 2031 343 2067 si
366 2032 483 2070 modo
510 2032 886 2083 sententia-patitur.
919 2033 977 2068 Ea
1009 2044 1103 2070 vero
1136 2037 1249 2069 etia‘m
1280 2031 1427 2083 flagitat
1458 2034 1739 2071 adversativam
1802 2033 2028 2071 articulum..

104 2080 202 2117 Nam
236 2091 323 2117 cum
353 2085 486 2119 servari
517 2082 661 2121 exulem
697 2090 832 2120 orator
865 2082 1034 2131 dixisset,
1063 2089 1199 2132 aperte
1230 2094 1271 2119 se
1306 2084 1481 2134 corrigit,
1506 2096 1551 2121 ac
1573 2086 1771 2121 tantum‘a
1801 2097 1881 2122 esse
1907 2082 2012 2132 dicit,

104 2138 146 2169 ut
169 2131 259 2168 exul
285 2139 472 2179 servetur,
506 2141 550 2171 ut
574 2133 770 2172 vindictae
803 2132 1053 2171 diuturnitate
1084 2132 1353 2183 gravissimum
1379 2134 1614 2184 supplicium
1636 2134 1786 2172 subeat.
1838 2132 2011 2172 Accede·

102 2180 170 2217 bat
198 2183 497 2230 praeterearalia
524 2195 625 2219 nunc
652 2196 786 2233 causa,
811 2196 881 2220 cur
906 2184 945 2220 in
973 2196 1056 2220 eam
1083 2185 1307 2222 sententiam
1334 2185 1440 2220 exire
1468 2186 1592 2222 oratio
1619 2193 1732 2237 atque
1759 2185 1869 2222 etiam
1896 2194 2009 2220 orna—

101 2238 145 2267 tu
169 2230 336 2281 quodam
366 2232 560 2270 rhetorico
593 2234 734 2271 muniri
766 2234 934 2271 deberet.
986 2234 1083 2269 Nam
1115 2233 1322 2271 adversarii
1344 2233 1456 2271 huius
1484 2235 1636 2273 consilii
1661 2237 1779 2284 ipsam
1800 2232 2011 2270 vindictam

100 2280 299 2334 urgebant,
325 2288 441 2332 atque
467 2283 520 2319 ita
544 2296 660 2332 supra
686 2296 822 2320 eorum
849 2284 971 2320 oratio
996 2282 1217 2321 finiebatur:
1258 2286 1360 2321 Hinc
1385 2286 1489 2323 dolor
1515 2288 1721 2322 iniuriarum
1747 2293 1780 2319 et
1804 2283 1913 2320 libido
1935 2284 2010 2320 vin·

103 2332 215 2371 dictae
238 2332 412 2379 adlgebat.
468 2332 542 2370 Sed
563 2335 796 2371 disserebatur
821 2344 945 2371 contra
970 2342 1041 2371 etc.
1079 2335 1189 2371 Eam
1216 2341 1343 2373 autem
1368 2336 1625 2374 altercationis
1649 2333 1728 2373 vim
1753 2345 1915 2384 prorsus
1940 2343 2010 2370 no·

102 2379 162 2418 bis
188 2382 367 2433 eripiunt,
393 2382 460 2433 qui
485 2383 614 2421 dativo
640 2392 812 2434 utuntur,
836 2386 902 2421 cui.

890 2449 1009 2486 Ann.
1034 2448 1127 2497 ΧΠ,
1150 2446 1214 2489 26.

291 2508 431 2564 Quibus
470 2509 626 2559 patratis
667 2523 773 2549 nemo
812 2513 902 2550 adeo
949 2524 1074 2562 expers
1115 2512 1376 2550 misericordiae
1402 2510 1501 2558 suit,
1545 2521 1653 2557 quem
1692 2521 1768 2546 non
1803 2509 2011 2547 Britannici
