2152 2691
910 28 1195 93 .-5····

99 163 188 216 quia
212 162 252 199 in
276 161 401 199 eadem
425 157 628 196 constantia
652 162 798 193 sextum
826 165 969 200 casum,
994 168 1074 193 non
1099 155 1266 204 primum
1295 152 1430 191 efferri
1454 166 1533 191 non
1560 151 1718 198 addidit,
1743 164 1881 204 parum
1906 151 2023 192 obse·.

99 220 261 265 quentes
286 211 393 250 viros
414 208 556 247 'doctos
581 206 792 257 plerosque
819 207 1000 255 expertus
1027 213 1098 254 est,
1124 205 1193 257 qui
1217 204 1490 258 interpolatam
1516 203 1729 241 orationem
1753 210 1930 242 tuentur:
1956 215 2015 240 ea-

98 267 180 301 dem
213 261 414 299 constantia
445 267 488 303 et,
512 258 668 298 illustres.
700 257 833 304 equites
866 257 1064 293 Romanos
1097 257 1245 305 cupidos
1269 265 1433 292 maturae
1458 257 1553 292 necis
1573 255 1677 305 fecit.
1729 253 1848 309 Quod
1874 253 2015 305 quibus

99 312 224 351 causis
250 307 468 357 defendant,
494 318 590 345 aveo
618 306 778 344 discere.
827 305 1121 343 Adolescentuli
1152 305 1287 354 nostri,
1311 304 1378 341 ubi
1402 304 1568 341 Romani
1594 303 1771 341 homines
1797 304 1888 341 vim‘
1900 302 2016 351 verbi

97 363 188 400 loco
223 360 419 407 adiuvant,
456 358 576 395 veluti
613 356 698 403 hic,
733 357 859 403 cupido
890 355 997 393 necis
1030 363 1132 401 enat,
1169 362 1305 393 nostro
1345 366 1452 391 more
1480 354 1602 392 locuti
1632 352 1864 403 particulam
1894 364 2015 402 appo·

97 423 189 449 nere
218 408 361 446 solent:
396 420 515 445 revera
547 408 673 456 ωΡὶᾱο
706 407 800 442 necis
833 415 918 443 erat.
970 405 1158 444 Similiter
1189 405 1300 442 illum
1335 404 1542 442 ablativum
1576 403 1791 453 neglexisse
1822 401 2013 439 Ritternm

96 460 219 498 miror
243 459 315 494 XII
364 459 432 497 31:
466 458 659 505 cunctaque
693 457 820 492 castris
849 456 1042 493 Anconam
1067 466 1102 493 et
1135 455 1332 493 Sabrinam
1351 455 1490 504 fluvios
1519 455 1677 491 cohibere
1702 462 1824 502 parat.
1875 452 2013 502 Neque

94 510 219 547 minus
235 485 345 555 x1v⁷‚
371 508 440 547 17:
471 507 612 560 Quippe
637 506 817 555 oppidana
840 507 984 544 lascivia
1011 507 1158 544 invicem
1184 506 1384 552 lacessente,
1403 505 1548 552 probra,
1582 505 1661 540 dein
1694 514 1788 540 saxa
1820 513 2012 551 stanpsere,

97 560 226 597 omnia
254 566 360 595 recte
384 556 540 603 habere,
566 568 639 593 nec
665 568 751 592 esse
776 556 882 605 quod
897 558 1162 606 ,corrigamus,
1189 557 1410 602 lacessentes,
1437 562 1530 603 puto
1557 554 1717 604 liquere.

909 658 1020 694 Anu.
1048 657 1103 693 XI
1143 655 1205 696 37·

286 718 440 756 Interim
466 717 666 755 Messalina
690 714 914 754 Lucullianis
938 719 975 755 in
999 684 1119 756 hortis'.
1135 698 1321 768 prolatare
1346 718 1478 760 vitam3
1503 727 1716 765 componere
1746 725 1886 764 preces,
1923 724 2014 751 non·

100 769 197 807 nulla
220 780 283 817 spe
308 778 342 805 et
366 768 558 818 aliquando
586 770 653 817 ira,
674 777 814 805 tantum
838 770 928 805 inter
952 778 1112 806 extrema
1136 767 1299 819 superbia
1319 768 1456 815 egebat.

285 867 491 918 Vulgatam
513 914 517 917 .
536 876 637 904 tanta
662 868 752 905 inter
782 876 943 905 extrema
966 869 1129 917 superbia
1154 870 1299 920 agebat,
1333 882 1429 921 quae
1455 877 1589 920 aperte
1622 867 1758 906 falsam
1783 863 2014 904 sententiam

104 917 299 966 continet,
339 924 448 955 recte
508 931 550 960 ,r.
577 918 706 955 Ritter
738 918 897 968 sprevit.
933 931 1022 955 nam
1052 916 1274 956 fluctuantis
1307 920 1423 956 animi
1459 920 1587 955 descri
1616 919 1669 956 tio
1702 930 1780 955 non
1811 923 1942 967 potest
1971 913 2013 951 in

101 967 202 1005 hanc
230 968 432 1017 superbiae
459 981 479 1004 a
507 968 749 1005 mirationem
775 969 894 1005 exire:
921 968 987 1004 illa
1005 969 1107 1006 inter
1132 980 1241 1019 spem
1267 978 1306 1006 et
1324 969 1428 1006 iram·
1446 932 1673 1018 fluctuabam
1697 974 1804 1004 tanta
1829 973 1913 1002 erat
1931 963 2014 1009 eius

103 1017 294 1066 superbia.
345 1018 423 1054 Sed
446 1018 603 1054 ,codicis
629 1030 763 1056 veram
797 1018 1027 1067 scripturam
1060 1031 1139 1055 non
1173 1031 1266 1057 vere
1292 1019 1562 1069 interpretatus
1590 1026 1667 1056 est:
1709 1016 1916 1066 „Animum
1940 1025 2015 1063 per

102 1067 282 1105 libidines
314 1075 541 1116 corruptum
567 1069 747 1118 omnique
771 1067 936 1104 honesto
971 1068 1195 1106 destitutum
1227 1069 1327 1106 inter
1361 1069 1644 1119 componendas
1674 1078 1810 1117 preces
1844 1062 2015 1115 superbe

104 1117 232 1167 egisse
256 1130 335 1154 non
361 1124 421 1154 est
441 1117 662 1164 verisimile,
684 1129 811 1168 neque
835 1117 1026 1167 probatur
1049 1118 1124 1155 illis
1151 1128 1185 1155 et
1209 1120 1400 1168 aliquando
1428 1122 1494 1156 ira.
1526 1132 1615 1156 nam
1642 1117 1728 1169 quis
1752 1116 1873 1154 nescit
1897 1112 2016 1152 fracti

105 1167 371 1217 debilitatique
398 1167 513 1203 animi
532 1166 707 1205 homines
726 1168 824 1203 iram
844 1168 1025 1218 retinere,
1050 1168 1270 1217 superbiam
1289 1170 1430 1218 procul
1445 1168 1672 1207 abiicere?“
1723 1166 1835 1203 Unde
1853 1178 1902 1215 ap
1932 1169 2015 1202 aret

103 1227 192 1255 eum
216 1226 357 1255 tantum
381 1216 435 1254 ita
454 1217 700 1267 intellexisse,
724 1224 766 1254 ut
788 1224 884 1256 esset
909 1219 945 1254 in
965 1227 1116 1267 tantum,
1140 1220 1230 1256 adeo
1255 1218 1437 1269 superbia
1460 1219 1613 1269 egebat.
1665 1217 1740 1254 Sed
1766 1215 1872 1267 quod
1907 1214 2014 1251 alsae

102 1267 162 1304 illi
186 1267 356 1316 lectioni,
380 1267 420 1304 id
446 1268 536 1304 huic
562 1267 873 1317 interpretationi
898 1268 1019 1305 obest.
1039 1281 1134 1306 nam
1159 1270 1191 1306 si
1215 1269 1255 1305 in
1280 1276 1387 1308 tanto
1406 1278 1561 1320 tamque
1586 1275 1723 1318 aperto
1748 1265 1910 1317 fiagitii),
1930 1272 2015 1302 tum

105 1317 208 1354 inter
238 1317 438 1360 continuas
454 1330 632 1354 suorum
657 1329 770 1354 neces
798 1317 1130 1368 exsultantemque
1154 1318 1399 1361 inimicorum
1430 1320 1633 1356 victoriam
1660 1318 1709 1354 ad
1739 1317 1781 1353 id
1804 1328 1926 1353 unum
1950 1327 2015 1351 su-

102 1366 288 1418 perbiam‘
309 1367 448 1404 mulier
464 1365 657 1416 deflectit,
687 1374 729 1404 ut
762 1366 889 1404 mariti
921 1379 1060 1417 preces
1093 1368 1313 1416 meditetur,
1346 1368 1393 1405 de
1424 1380 1470 1405 ea
1504 1368 1659 1417 quidem
1691 1366 1863 1404 instituta
1887 1364 2013 1401 oratio

102 1430 183 1454 non
214 1429 306 1453 sane
337 1417 390 1455 ita
415 1416 518 1453 finiri
543 1424 688 1466 potest=
722 1420 759 1454 in
784 1427 926 1455 tantam
955 1420 1118 1467 superbia
1150 1420 1284 1465 egebat.
1334 1418 1423 1455 Hoc
1449 1418 1602 1468 quidem
1627 1415 1845 1467 praedicari
1868 1421 2014 1465 posset,

106 1466 140 1503 si
162 1466 228 1502 illa
250 1466 290 1502 in
317 1465 484 1503 abiectas
512 1478 551 1503 se
583 1477 723 1515 preces
758 1465 966 1517 effudisset,
998 1468 1032 1504 si
1056 1467 1105 1503 ad
1134 1467 1260 1505 liberti
1292 1467 1412 1517 pedes
1445 1468 1654 1516 provoluta
1689 1465 1860 1502 Narcissi
1893 1476 2013 1513 opem

102 1515 394 1565 imploravisset,
427 1517 460 1552 si
491 1515 660 1566 denique
689 1515 814 1552 fracta
840 1514 965 1553 animo
990 1517 1112 1557 omnis
1147 1517 1297 1554 consilii
1322 1515 1454 1553 fuisset
1477 1518 1613 1566 impos.
1664 1516 1776 1552 Nunc
1802 1521 1933 1551 autem
1953 1512 2013 1549 in·

104 1573 166 1603 ter
204 1577 314 1615 spem
346 1572 386 1602 et
412 1565 509 1602 iram
550 1577 689 1615 preces
731 1565 951 1616 componit,
979 1565 1005 1603 i.
1031 1578 1066 1603 e.
1093 1565 1256 1603 demittit
1288 1566 1444 1617 quidem
1479 1565 1641 1603 fortasse
1667 1564 1908 1616 superbiam,
1932 1574 2012 1600 non

106 1615 251 1652 abiicit.
312 1617 372 1652 Ex
408 1616 469 1652 his
504 1616 679 1652 omnibus
714 1616 977 1666 consequitur,
1010 1624 1053 1653 ut
1080 1625 1221 1653 tantum
1252 1616 1302 1653 sit
1336 1629 1413 1654 non
1443 1618 1532 1654 adeo
1558 1616 1627 1654 sed
1660 1617 1783 1653 modo.
1833 1615 1896 1652 Ex
1930 1624 2011 1671 quo

102 1676 226 1715 porro
251 1664 431 1713 efficitur,
450 1672 498 1703 sut
522 1663 714 1702 referatur
740 1665 788 1701 ad
814 1675 986 1714 extrema,
1022 1677 1067 1701 ea
1095 1678 1145 1702 ue
1170 1666 1436 1715 intelligantur
1460 1675 1627 1703 extrema
1652 1667 1756 1704 vitae
1780 1664 2016 1710 discrima,

101 1714 293 1752 sententia
318 1723 446 1752 autem
471 1722 551 1753 tota
575 1714 673 1752 baec
699 1714 766 1752 sit:
801 1712 1013 1752 fluctuabat
1043 1678 1110 1751 ss‘lla
1141 1715 1244 1753 inter
1277 1728 1384 1765 spem
1410 1724 1449 1753 et
1469 1717 1578 1765 iram,
1603 1714 1787 1766 superbia
1811 1724 1905 1751 vero
1929 1719 2013 1749 tan-

102 1771 189 1801 tum
213 1764 253 1801 in
278 1765 365 1814 ipso
389 1765 493 1805 ,vitae
519 1765 623 1802 exitu
649 1765 816 1803 carebat.
857 1765 993 1816 -Atque
1025 1764 1123 1802 baec
1148 1766 1200 1803 ita
1224 1765 1424 1816 babuisse,
1449 1766 1602 1804 Tacitus
1627 1766 1640 1803 i
1668 1778 1710 1803 se
1748 1764 1915 1815 optimus
1948 1774 2014 1799 au-

108 1821 195 1852 ctor
219 1821 279 1852 est
310 1815 419 1855 initio
449 1815 584 1866 capitis
610 1815 822 1867 sequentis:
861 1816 963 1852 Tunc
979 1817 1145 1865 primum
1172 1818 1362 1866 fortunam
1392 1818 1604 1866 introspexit
1653 1827 1836 1865 errantque
1864 1813 2012 1862 accepit.

106 1864 305 1916 Simulque
337 1866 539 1917 utriusque
572 1866 651 1904 loci
684 1866 933 1916 comparatio,
970 1879 1069 1916 quae
1104 1866 1152 1903 sit
1182 1868 1364 1915 superbiae
1396 1866 1508 1904 huius
1541 1875 1690 1915 natura,
1716 1866 1748 1903 si
1779 1871 1909 1902 tamen
1930 1874 2012 1900 non

106 1928 177 1965 per
192 1915 314 1964 ipsam
332 1927 416 1952 eam
443 1917 670 1965 orationem,
696 1916 802 1954 cuius
827 1929 917 1967 pars
943 1922 1014 1966 est,
1038 1923 1174 1966 aperte
1197 1916 1438 1968 intelligitur,
1460 1925 1657 1956 monstrat.
1708 1917 1779 1953 Est
1804 1914 1909 1953 enim
1931 1911 2013 1952 for-

104 1976 188 2001 mae
213 1965 405 2015 superbia,
429 1979 505 2017 qua
530 1967 563 2003 si
588 1967 704 2005 modo
730 1967 769 2002 in
795 1966 970 2003 Caesaris
1066 1974 1194 2012 ectum
1219 1968 1380 2017 veniret,
1405 1968 1593 2006 victuram
1619 1979 1660 2005 se
1685 1965 1932 2003 inimicorum
1953 1963 2012 2000 in-

105 2014 233 2063 sidias,
259 2024 559 2065 expugnaturam
584 2016 709 2054 mariti
734 2016 924 2067 ignaviam
950 2027 1021 2053 con
1054 2015 1179 2053 debat.
1230 2016 1291 2053 Ac
1316 2029 1457 2066 parum
1481 2017 1663 2066 abfuisse,
1687 2016 1781 2067 quin
1807 2013 2011 2052 Claudium

101 2063 296 2113 flecteret,
329 2065 451 2110 verba
483 2066 754 2116 praecedentia
787 2066 973 2104 edocent:
1014 2067 1059 2103 iri
1093 2067 1185 2104 iubet
1216 2069 1443 2115 nunciat-ique
1479 2068 1631 2104 miserae
1665 2088 1713 2095 -—
1748 2065 1933 2103 dicendam
1960 2062 2011 2099 ad

101 2126 251 2152 causam
273 2123 424 2165 postera
449 2117 505 2165 die
530 2117 680 2155 adesset.
738 2116 851 2170 Quod
874 2117 934 2153 ubi
955 2118 1128 2166 auditum,
1161 2126 1194 2153 et
1223 2118 1445 2163 languescere
1470 2119 1541 2167 ira,
1572 2119 1688 2154 ‘redire
1710 2129 1835 2164 amor,
1857 2136 1906 2143 —
1923 2125 2009 2162 pro-

100 2166 236 2217 rumpit
259 2165 472 2217 ..Narcissus
503 2168 756 2217 denunciatque
788 2189 840 2196 —
870 2168 1015 2216 exsequi
1044 2168 1197 2204 caedem.
1254 2166 1371 2221 Quod
1404 2166 1437 2203 si
1499 2168 1644 2215 uaeris,
1683 2178 1752 2203 cur
1783 2166 1894 2201 locus
1927 2173 2009 2199 non

98 2225 197 2256 *sane
230 2209 396 2264 difficilis
418 2223 497 2252 tam
522 2217 651 2260 multis
673 2218 862 2267 obscurus
886 2217 1009 2255 videri
1032 2217 1224 2266 potuerit,
1256 2230 1369 2254 causa
1396 2218 1474 2254 hau
1526 2218 1644 2255 dubie
1668 2218 1706 2253 in
1733 2213 1916 2253 orationis
1941 2211 2011 2250 de·

103 2276 221 2316 eursu
241 2271 308 2302 est
341 2264 454 2303 aliter
488 2273 604 2317 atque
636 2265 887 2318 exspectabas
914 2264 1077 2304 deflexo.
1104 2282 1107 2287 >
1127 2267 1227 2304 Nam
1251 2267 1388 2305 leniter
1409 2265 1608 2318 profluens
1633 2265 1756 2302 oratio
1778 2263 1878 2310 haec
1903 2271 2005 2300 erat:

101 2314 273 2352 ndnnulla
298 2327 359 2364 spe
384 2317 634 2364 et.aliquando
661 2320 734 2366 ira,
767 2319 929 2366 superbia
954 2326 1094 2355 tantum
1119 2320 1209 2355 inter
1234 2328 1395 2356 extrema
1421 2320 1553 2366 egebat.
1604 2315 1682 2353 Sed
1707 2314 1788 2353 noli
1812 2313 1879 2353 vel
1904 2312 2009 2351 ordi-

101 2375 192 2401 nem
214 2364 318 2404 bunc
345 2366 587 2403 correctione
607 2365 780 2418 efficere,
800 2367 875 2417 vel,
899 2367 989 2419 quia
1013 2368 1212 2419 neglectus
1240 2376 1309 2418 est,
1335 2380 1459 2405 meam
1485 2366 1838 2416 interpretationem
1869 2363 2009 2401 falsam

100 2420 248 2461 putare.
296 2428 386 2467 nam
418 2415 459 2452 in
491 2416 676 2454 antitheto
708 2430 827 2468 *saepe
860 2417 916 2456 sic
950 2418 1057 2470 quasi
1089 2418 1244 2457 satiatus
1274 2427 1313 2456 et
1344 2417 1541 2455 lasciviens
1573 2415 1760 2468 relinquit
1790 2414 2009 2452 institutum

101 2473 256 2502 cursum
288 2466 455 2507 Tacitus.
505 2466 633 2505 Unum
663 2468 882 2520 exemplum
902 2480 923 2507 e
946 2468 1131 2521 proximis
1163 2468 1369 2521 protulisse
1392 2466 1558 2505 sufficiat
1582 2467 1678 2517 XII,
1702 2467 1747 2516 7,
1772 2464 1840 2503 ubi
1865 2464 2007 2516 Agrip-
