2152 2691
910 88 1197 134 -2—

94 226 334 272 praestantes
364 223 504 255 vetera
525 226 588 251 me
614 221 653 251 et
676 213 767 251 trita
800 208 1006 251 decantare
1037 214 1245 252 frementes
1279 213 1374 250 mihi
1408 215 1541 255 audire
1571 217 1720 255 videor.
1739 223 1756 233 “
1772 219 1910 269 Neque
1936 238 2009 277 ego

94 271 352 310 vehementer
379 279 458 317 quo
492 264 615 301 minus
649 263 701 301 ita
732 263 909 301 iudicent
935 264 1049 302 obsto
1058 279 1070 312 3
1105 264 1258 303 eosdem
1292 272 1418 301 tamen
1455 267 1593 303 velim*
1613 277 1789 319 rogatos,
1823 277 1865 307 ut
1897 273 2010 313 nobis
2036 273 2038 275 ’

96 320 280 381 aperiant,
305 330 384 368 quo
401 316 545 353 factum
561 314 623 364 sit,
646 321 690 350 ut
709 326 785 364 per
799 322 875 353 tres
893 327 958 352 eos
973 315 1107 362 libros,
1127 315 1164 351 in
1192 327 1290 366 quos
1316 327 1379 351 me
1406 316 1519 352 amici
1545 318 1722 355 voluntas
1748 328 1919 368 revocat,
1944 323 2012 358 tri—

95 378 200 424 ginta
228 368 392 420 amplius
416 366 494 402 loci
519 371 687 414 restent,
714 364 782 415 qui
808 366 980 403 nondum
1014 367 1061 402 ad
1089 365 1191 402 illius
1218 365 1364 402 codicis
1390 364 1504 402 fidem
1532 367 1571 403 in
1598 370 1858 406 recentissima
1885 371 2010 408 Taciti

93 419 379 471 recognitione,
412 428 528 467 quam
568 415 906 454 Grammaticorum
932 418 1089 465 equitum
1114 417 1341 454 doctissimus
1374 415 1484 452 nobis
1510 419 1680 467 paravit,
1706 424 1796 456 sunt
1817 420 2010 458 restituti?

92 473 183 560 Ego
209 469 359 519 quidem
385 466 425 502 id
451 466 629 503 accidere
655 466 786 503 iudico
815 475 881 503 aut
905 476 1122 516 propterea,
1150 466 1257 516 quod
1282 467 1345 502 lex
1373 466 1439 502 illa
1464 466 1627 516 simplex
1653 469 1823 506 nondum
1848 466 2010 520 prorsus

94 534 112 559 s
164 519 256 565 erit,
290 524 355 554 aut
389 515 479 567 quia
508 515 757 566 antiquorum
790 516 999 565 hominum,
1034 516 1203 554 nondum
1235 527 1298 552 eas
1326 515 1416 551 artis
1452 517 1606 555 criticae
1640 519 1746 568 leges
1783 522 2011 570 curantium,

94 569 304 609 auctoritas
330 567 420 616 plus
448 566 564 603 etiam
590 566 708 604 hodie
735 579 849 625 quam
876 566 1044 604 debebat
1066 566 1150 606 veri
1175 567 1252 603 vim
1277 565 1491 614 declinarit,
1516 575 1582 604 aut
1606 576 1766 618 propter
1789 575 2010 621 utrumque.

94 622 193 659 Nam
219 617 527 668 superstitiosam
541 616 644 652 illius
667 616 758 652 libri
776 617 1066 664 observantiam,
1093 628 1194 667 quae
1210 629 1272 653 me
1300 615 1476 652 ad-locos
1504 630 1583 667 eos,
1603 619 1658 655 uti
1683 621 1720 655 in
1745 631 1790 656 eo
1818 620 2010 669 leguntur,

94 669 258 710 tuendos
284 674 540 716 commoveat,
559 666 704 703 nullam
732 679 824 712 esse,
841 667 924 716 ipsa
939 680 1072 704 eorum
1091 675 1239 715 natura,
1265 673 1308 702 ut
1323 677 1448 715 spero,
1475 666 1655 718 deinceps
1672 669 1828 718 aperiet.
1878 670 2010 708 Altera

95 730 223 760 autem
247 720 307 757 lex
339 729 466 768 neque
491 717 574 766 ipsa
600 729 749 766 semper
776 718 987 755 >observata
1012 719 1109 755 haec
1144 724 1217 754 est:
1255 717 1297 753 Si
1324 715 1416 766 quid
1442 716 1490 754 sit
1517 719 1808 768 corrigendum,
1835 732 1882 757 ne
1909 729 2011 759 cete·

93 782 229 810 rorum
262 768 455 807 librorum
488 767 755 804 auctoritatem
789 768 918 805 codici
950 768 1009 804 iui
1042 779 1342 817 praeponamus,
1383 766 1533 804 etiamsi
1572 769 1768 807 interdum
1801 783 1822 807 a
1852 771 2008 821 vulgata

94 821 289 871 ,φέρτατε
311 816 588 855 'recedendum'
606 817 656 853 sit
686 817 850 867 longius.
902 818 1001 853 Nam
1036 830 1155 867 quum
1180 818 1257 861 illis
1289 816 1530 866 temporibus
1556 820 1636 857 non.
1659 828 1737 856 tam
1763 833 1877 870 saepe
1904 822 2010 871 quod

116 872 146 905 ’,
170 869 271 908 xime
302 868 353 905 ad
385 867 633 918 scriptorum‘
652 879 809 912 manum
844 868 1044 905 accederet
1077 874 1467 917 quaererent7quam
1501 869 1606 918 quod
1640 870 1853 919 expeditam
1876 883 2009 909 eorum

93 883 299 961 monem
324 918 509 955 adiuvare
528 917 737 967 videretur,
761 918 876 976 saepe
887 918 1038 967 accidit,
1057 925 1109 954 ut.
1121 917 1531 954 kibidinosemutantes
1546 919 1611 956 vel
1624 919 1776 970 longius
1791 934 1810 957 a
1824 933 1919 958 vero
1939 934 2008 959 nos

94 968 467 1020 av'oeiil‘vsntsveluti
499 967 609 1016 xm‚·-
621 966 685 1007 26.
738 969 870 1005 Tertia
904 968 1074 1018 denique
1098 968 1183 1006 veri
1215 967 1433 1014 inveniendi
1456 967 1536 1015 via,
1568 980 1798 1021 quamquam
1825 971 1888 1008 vel
1915 971 2008 1009 haee

94 1020 146 1059 ab
174 1019 352 1068 omnibus
375 1018 541 1063 «teritur,
574 1018 628 1061 ita
658 1018 870 1064 muniatur,
898 1026 942 1055 ut
973 1030 1072 1069 quae
1106 1018 1183 1054 sint
1218 1018 1494 1055 sententiarum
1529 1018 1705 1070 vincula,
1737 1021 1801 1071 qui
1826 1022 2007 1058 orationis

96 1070 299 1120 decursus,
320 1081 422 1121 quae
448 1065 615 1119 denique
635 1067 755 1118 ipsius
782 1068 974 1119 loquentis
1001 1076 1041 1106 et
1057 1076 1192 1106 natura
1210 1075 1249 1105 et
1265 1068 1465 1105 consilium
1539 1080 1668 1106 aoeens
1695 1079 1873 1108 accurate
1896 1083 2008 1122 quae-

96 1134 248 1169 ramus3
272 1127 378 1158 tanta
405 1119 508 1157 enim
532 1131 626 1172 prae
656 1118 797 1155 ceteris
823 1119 949 1155 Taciti
976 1131 1037 1155 ars
1064 1119 1218 1156 dicendi
1245 1126 1315 1168 est,
1340 1117 1383 1155 'ut
1408 1081 1616 1159 nihiprfeoe
1640 1119 1876 1169 proferatur,
1901 1121 2007 1159 cuius

92 1184 176 1219 nqn
200 1170 385 1219 deinceps
411 1168 549 1219 aliquis
578 1181 667 1205 usus
692 1168 850 1218 insignis
876 1169 944 1218 sit,
977 1169 1074 1205 nihil
1100 1169 1374 1220 subsequatur,
1405 1169 1510 1218 quod
1543 1183 1620 1207 non
1654 1178 1742 1208 ante
1768 1171 1875 1221 quasi
1898 1183 2008 1221 prae-

168 1230 272 1260 atum
297 1221 348 1258 sit
373 1228 410 1257 et
434 1219 731 1269 praemunitum.
781 1219 914 1270 Atque
939 1231 1024 1256 eam
1059 1219 1213 1270 quidem
1239 1219 1550 1257 observationem
1576 1220 1615 1256 in
1643 1221 1891 1272 orationibus,
1914 1235 2007 1273 quas

129 1273 251 1313 acitus
276 1283 354 1308 non
380 1270 528 1320 plenas,
552 1269 624 1311 sed
650 1269 814 1320 carptim
837 1282 911 1318 per
935 1271 1144 1321 praecipua
1172 1270 1311 1320 capita.)
1337 1277 1473 1307 ornate
1498 1278 1627 1307 tamen
1652 1283 1873 1320 proponere
1900 1273 2009 1322 solet,

92 1324 262 1361 maxime
287 1321 416 1360 valere
433 1319 634 1372 iudicabis.
684 1320 769 1358 Hae
795 1320 914 1372 igitur
938 1321 1057 1372 leges,
1083 1335 1159 1358 non
1187 1321 1277 1357 illae
1294 1320 1448 1371 quidem
1475 1320 1639 1370 antiquis
1660 1321 1879 1359 hominibus
1904 1323 2009 1373 igno-

94 1382 218 1426 ratae,
252 1372 323 1410 sed
352 1379 492 1408 tamen*
513 1381 558 1407 eo
592 1369 738 1422 studio,
771 1370 847 1420 quo
875 1371 1209 1421 elegantissimum
1245 1371 1424 1422 quodque
1456 1378 1495 1407 et
1528 1370 1566 1406 in
1588 1370 1789 1415 Latinam'
1809 1380 2009 1410 consuetu-

95 1423 229 1462 dinem
251 1421 419 1458 maxime
438 1420 643 1469 receptum
662 1420 701 1456 in
721 1421 892 1470 quemvis
919 1422 1152 1471 scriptorem
1172 1420 1319 1459 inferre
1341 1420 1561 1470 cupiebant,
1586 1421 1691 1457 haud
1710 1434 1800 1461 ram
1820 1422 2010 1473 neglectae

96 1474 161 1514 vel·
190 1471 425 1511 obscuratae
455 1470 558 1521 quid.
586 1469 698 1524 nobis
732 1470 851 1508 hodie
888 1484 1042 1523 quoque
1074 1471 1262 1521 prodesse
1297 1472 1466 1521 possint,
1501 1471 1697 1522 exemplo⁷
1733 1472 1766 1508 si
1800 1483 2009 1521 possumus,

95 1522 316 1562 doceamus.
369 1522 710 1569 Unum1-oneam‚
736 1532 800 1557 me
825 1521 902 1558 hoc
928 1535 1027 1560 anno
1050 1523 1213 1559 maxime
1237 1523 1303 1558 Fr.
1324 1521 1475 1559 ‘Ritteri
1500 1522 1706 1572 exemplar,
1733 1522 1837 1572 quod
1861 1531 1940 1559 tum
1962 1523 2009 1559 ad

94 1587 233 1612 nanus
268 1586 347 1611 non
383 1577 487 1620 erat,
512 1577 747 1608 secuturum.
798 1573 860 1608 Ex
893 1584 972 1622 quo
998 1571 1145 1610 factum
1176 1579 1255 1615 est,
1284 1573 1328 1609 u't
1353 1583 1453 1608 tuae
1509 1571 1676 1608 uondam
1702 1578 1895 1623 tamquam
1921 1573 2009 1610 satis

95 1623 240 1664 munita
262 1622 369 1660 haud
393 1632 517 1672 pauca
542 1621 774 1668 omitterem,
799 1621 842 1659 ea
867 1634 989 1670 nunc,
1015 1636 1132 1681 quum
1160 1621 1332 1660 nondum
1375 1633 1450 1659 oco
1507 1622 1640 1671 epulsa
1665 1621 1854 1672 viderem,
1887 1622 2008 1660 denuo

95 1675 137 1713 in
169 1674 353 1712 iudicium
390 1682 585 1710 vocarem.
636 1673 770 1724 Neque
803 1679 933 1710 tamen
974 1674 1185 1724 quidquam
1217 1672 1380 1722 protuli,
1417 1671 1524 1722 quod
1565 1684 1645 1708 non
1677 1684 1780 1710 novo
1814 1685 2009 1723 argumen-

93 1732 227 1762 torum
247 1723 396 1760 lumine
421 1733 687 1772 conspergere
712 1721 947 1768 studuerim3
973 1723 1041 1759 ubi
1068 1732 1203 1759 contra
1230 1722 1333 1772 quod
1367 1722 1418 1759 de
1451 1734 1540 1759 meo
1567 1722 1747 1760 adderem
1773 1723 1869 1760 nihil
1894 1723 2008 1761 habe-

93 1773 200 1823 bam,
223 1781 290 1811 aut
314 1773 469 1825 omnino
493 1779 638 1822 tacere,
664 1777 730 1808 aut
753 1771 879 1810 verbo
906 1773 1097 1809 calculum
1124 1773 1288 1810 adiicere
1314 1771 1405 1809 satis
1431 1771 1560 1810 habui.

902 1885 1021 1922 Ann.
1047 1884 1101 1920 XI
1145 1881 1207 1922 16.

481 1950 632 1988 Eodem
655 1961 751 1986 anno
780 1948 1040 1987 fficruscorum
1060 1911 1152 1996 geizs
1176 1958 1297 1996 regem
1322 1949 1472 2003 Rpmae
1491 1947 1630 1996 petivit.

207 2045 218 2052 s
282 2022 494 2073 Corrigunt
531 2030 735 2072 praeeunte
759 2018 962 2071 Rhemum,
986 2023 1130 2061 Roma.
1179 2022 1258 2060 Sed
1285 2034 1355 2060 cur
1379 2035 1458 2059 non
1474 2019 1626 2057 „eodem
1652 2017 1735 2067 iure
1761 2018 1914 2057 Tacitus
1938 2022 2008 2066 ubi,

99 2085 218 2129 quam
246 2074 338 2113 unde
361 2084 492 2124 regem
517 2073 700 2124 petierint
729 2073 918 2122 exponat?
968 2072 1154 2121 Accedit,
1188 2073 1293 2124 quod
1319 2072 1418 2109 illud
1443 2069 1628 2117 verbum,
1654 2067 1702 2103 ad
1730 2068 1834 2118 quod
1858 2070 2009 2118 priores

99 2137 195 2162 sane
216 2122 404 2160 homines
421 2124 664 2174 plerumque,
689 2124 780 2160 unde
806 2123 950 2173 aliquid
980 2130 1200 2172 peteretur,
1226 2121 1367 2160 addere
1403 2122 1642 2168 maluerunt,
1666 2117 1735 2154 illo
1760 2125 1887 2155 tamen
1914 2132 2008 2159 aevo

98 2173 194 2211 alias
218 2184 353 2210 omnes
405 2173 683 2222 raepositiones
706 2184 823 2222 saepe
854 2173 911 2209 illi
938 2180 1156 2210 structurae
1182 2172 1448 2222 praeposuisse
1471 2170 1588 2207 Plinii
1614 2168 1794 2216 exemplis
1819 2169 2010 2218 discimus,

100 2235 198 2276 quae
224 2222 330 2272 apud
392 2234 570 2265 esuerum
595 2223 635 2259 in
661 2222 778 2260 Thes.
804 2223 990 2270 invenies.
1015 2244 1066 2251 ——
1100 2224 1143 2258 In
1171 2223 1308 2260 eodem
1336 2223 1463 2272 capite
1487 2233 1566 2257 non
1592 2218 1719 2255 minus
1745 2227 1848 2256 certe
1873 2232 1896 2256 e
1922 2221 2008 2257 cod.

98 2272 380 2310 restituendum
405 2280 483 2322 est,
515 2274 626 2309 modo
660 2275 868 2310 comitatem
893 2283 927 2310 et
955 2274 1226 2321 temperantiam
1259 2274 1348 2309 nulli
1369 2274 1535 2316 invisa,
1561 2270 1702 2316 saepius
1726 2270 1953 2306 vinolentiam
1977 2278 2009 2306 et

100 2323 261 2361 libidines
285 2323 446 2360 barbaris
473 2329 605 2369 ‘grataf
632 2321 699 2358 ubi
730 2324 883 2359 invisam
917 2322 1148 2369 intulerunt3
1175 2323 1280 2372 quod
1313 2323 1388 2358 iam
1415 2322 1454 2357 in
1480 2318 1647 2369 Ruperti
1671 2319 1877 2366 exemplari
1901 2318 2025 2356 indu--

99 2382 207 2422 ctum
230 2372 400 2421 reperio.
450 2373 589 2423 Capite
612 2383 708 2411 vero
734 2372 786 2410 17
810 2372 981 2422 probare
1006 2374 1223 2419 volueram,
1248 2372 1300 2409 ita
1328 2384 1414 2409 esse
1440 2366 1702 2409 scribendum:
1732 2369 1822 2404 Non
1847 2370 2010 2418 irrup1’ssc

99 2425 149 2462 ad
172 2424 321 2469 invitos,
346 2424 408 2460 sed
431 2425 585 2461 accitum
603 2423 862 2461 memorabat.
913 2422 1065 2459 Deinde
1089 2423 1351 2471 Waltherum,
1371 2423 1408 2459 in
1431 2432 1536 2470 spec.
1557 2420 1602 2465 11,
1624 2432 1662 2468 p.
1682 2419 1732 2456 17
1756 2417 1901 2456 eisdem
1924 2418 2009 2457 sere

60 2513 64 2518 ,
100 2475 237 2562 quibus
268 2474 355 2523 ipse
381 2486 519 2512 usurus
552 2482 657 2512 eram
691 2473 927 2525 argumentis
960 2487 1085 2521 usum,
1118 2474 1219 2511 idem
1245 2474 1321 2511 iam
1354 2472 1532 2511 docuisse
1556 2467 1743 2507 intellexi.
1792 2468 1853 2508 Eo
1885 2468 2007 2520 magis

66 2522 71 2526 ’
126 2524 230 2573 oleo,
253 2523 362 2577 quod
386 2532 535 2575 postea,
558 2524 673 2563 nimis
696 2525 766 2563 ille
790 2524 956 2574 timidus,
981 2532 1109 2562 tamen
1137 2525 1327 2575 pluralem
1351 2522 1597 2561 retinendum
1624 2519 1782 2557 censuit.
