2152 2691
869 66 933 76 -.
998 39 1062 85 17
1117 67 1188 75 .-

77 176 129 212 Et
154 172 187 210 si
212 179 352 223 posset,
384 178 512 207 tamen
545 172 668 202 essent
698 163 925 203 abiicienda.
976 164 1074 202 Nam
1098 164 1193 202 nihil
1221 163 1372 212 docent,
1398 163 1505 215 quod
1530 175 1608 200 non
1631 163 1708 201 iam
1733 170 1822 201 ante
1846 163 1983 202 melius

78 224 284 275 legerimus
310 220 385 256 illis
420 215 572 264 verbis,
607 225 741 252 certam
772 217 840 253 sibi
861 217 1160 265 perniciemcetc.
1195 216 1249 251 Et
1280 215 1312 251 si
1346 214 1394 250 ad
1421 216 1518 251 haee
1543 213 1665 251 verba
1688 223 1815 252 tamen
1839 214 1890 250 ali
1945 215 1986 251 id

79 270 340 324 explicationis
360 267 554 311 adderent,
581 265 824 303 nihilominus
854 273 979 304 essent
1005 265 1232 302 abiicienda.
1257 278 1347 302 nam
1372 276 1418 301 ea
1446 264 1569 301 oratio
1597 276 1840 315 nequaquam
1865 228 1985 301 ull'dm

80 320 372 373 explicationem
400 316 603 353 desiderat.
647 316 758 364 Nam,
782 324 826 352 ut
850 317 959 352 initio
986 316 1177 363 dixeram,
1209 317 1332 352 omnis
1358 327 1403 352 ea
1429 315 1602 352 instantis
1626 315 1812 364 perniciei
1832 314 1985 363 praefa-

79 374 134 412 tio
160 369 273 409 astuti
298 367 462 405 hominis
487 366 613 404 inania
637 365 753 405 verba
780 374 879 416 sunt,
904 365 1044 418 quibus
1070 366 1161 403 dum
1185 365 1422 418 Agrippinae
1449 365 1537 402 odia
1562 364 1741 411 incendit,
1767 365 1805 401 in
1831 365 1985 402 Britan-

80 422 156 458 nici
186 418 348 468 gratiam
381 424 417 454 et
450 417 736 453 miserationem
771 417 942 466 irrepere
968 429 1014 454 ac
1044 429 1086 453 se
1110 417 1212 453 tueri
1238 418 1354 465 cupit.
1411 418 1507 452 Nam
1534 417 1636 464 apud
1661 416 1764 452 hunc
1788 425 1843 451 ea·
1860 417 1984 452 oratio

79 469 258 508 habeturz
277 469 383 505 Haec
409 477 514 515 atque
540 468 627 504 talia
651 467 815 504 dictitans
839 467 1004 515 amplecti
1021 467 1288 515 Britannicum,
1313 466 1421 503 robur
1448 468 1575 502 aetatis
1600 479 1710 514 quam
1731 466 1986 504 maturrimum

74 520 223 569 precari,
254 520 365 555 modo
399 519 448 554 ad
472 519 570 565 deos,
602 519 712 554 modo
738 519 788 554 ad
811 519 930 566 ipsum
955 518 1092 555 tendere
1121 529 1263 565 manus,
1296 517 1519 565 adolesceret,
1545 518 1663 565 patris
1688 517 1853 554 inimicos
1879 517 1988 565 depel-

79 571 174 617 leret,
206 570 362 605 matris
388 570 519 605 etiam
550 568 856 617 interfectores
892 568 1189 605 ulcisceretur.
1234 567 1391 617 Ecquid
1413 567 1490 603 iam
1516 567 1634 612 vides,
1661 580 1735 617 qua
1759 574 1891 604 mente
1915 567 1987 603 ista

80 619 205 656 omnia
238 617 342 653 dicta
375 618 473 654 sint?
522 620 574 654 Et
607 617 709 665 apud
740 617 845 654 hunc
878 625 1103 666 exponeret,
1134 630 1207 654 cur
1238 617 1312 653 sibi
1342 617 1586 665 pereundum
1614 625 1726 660 esset,
1750 630 1813 653 seu
1838 618 1987 653 Britan-

78 670 177 706 nicus
211 679 344 717 rerum,
382 668 445 705 seu
478 668 580 705 Nero
616 668 825 716 poteretur?
889 668 1076 705 Nimirum
1113 667 1249 705 rhetor
1274 667 1419 718 aliquis
1456 667 1561 703 illam
1592 666 1666 704 sibi
1701 666 1989 704 declamationis

79 718 278 755 materiam
305 725 506 755 notaverat
532 719 566 763 1,
593 717 635 753 Si
661 718 767 754 Nero
793 718 1045 767 imperitaret3
1070 719 1108 765 2,
1131 718 1358 755 Britannico
1383 729 1627 764 successore3
1652 718 1688 763 3,
1713 718 1858 755 nullum
1884 719 1990 767 prin·

80 768 157 818 cipi
182 769 372 805 meritum.
414 768 537 804 Unum
563 774 767 817 praeterea
793 780 981 805 moneam.
1021 771 1081 805 Ex
1106 775 1186 805 tota
1212 768 1294 805 hac.
1311 775 1440 804 nostra
1466 767 1724 817 explicatione
1750 767 1990 817 apertissime

80 817 268 868 patefieri,
295 832 372 855 non
397 830 526 868 posse,
551 818 656 868 quod
674 817 819 855 factum
844 819 971 868 video,
996 821 1189 857 reticuisset
1213 818 1355 855 mutari
1379 818 1419 855 in
1444 820 1652 855 retinuisset.
1690 819 1861 856 Retinere
1887 819 1990 855 enim

80 869 326 917 imperatoris
347 880 488 905 uxores
511 870 607 905 orati
653 877 752 905 esset
767 868 934 909 hominis
955 869 1225 919 superbissimi,
1245 869 1487 918 (praesertim
1506 868 1608 918 apud
1625 869 1757 914 filium,
1776 869 1888 906 cuius
1907 877 1991 905 tum

79 919 242 969 gratiam
275 920 374 956 inire
402 880 633 969 cupiebatis
656 920 765 969 quasi
791 919 855 957 ille
880 933 949 956 suo
977 919 1138 961 arbitrio
1166 931 1229 956 eas
1255 920 1317 957 vel
1343 918 1492 956 faceret
1525 927 1563 956 et
1585 920 1784 964 retineret,
1806 920 1869 958 vel
1896 918 1992 957 abii-

79 977 186 1006 ceret
216 978 255 1007 et
288 969 574 1006 condemnaret.
625 969 696 1005 Ille
730 982 823 1007 vero
858 972 1010 1007 tacuisse
1033 970 1110 1007 iam
1135 970 1270 1006 mallet
1292 970 1394 1005 illius
1427 969 1715 1017 impudicitiam,
1746 983 1823 1019 qua
1846 977 1992 1007 retecta

80 1025 121 1056 et
150 1020 281 1069 punita
314 1020 437 1056 multo
470 1019 589 1056 maius
619 1018 807 1069 flagitium
832 1019 871 1056 in
898 1020 1055 1057 domum
1086 1020 1293 1070 irruperat.
1345 1020 1408 1055 De
1439 1019 1575 1056 eadem
1601 1031 1645 1056 re
1672 1019 1721 1056 cf.
1747 1020 1811 1066 XI,
1837 1020 1899 1066 30,
1924 1019 1991 1056 ubi

80 1081 157 1106 non
186 1077 296 1106 recte
319 1069 443 1106 teneri
467 1069 807 1118 interpolationem
833 1070 966 1108 video:
1013 1071 1111 1107 Tum
1129 1072 1366 1118 potissimum
1391 1083 1601 1117 quemque
1625 1072 1826 1106 amicorum
1850 1080 1966 1107 vocat.

848 1152 963 1188 Ann.
997 1151 1103 1198 XIII,
1139 1149 1205 1191 26.

268 1210 342 1248 Sed
373 1212 534 1249 consules
566 1212 775 1249 relationem
806 1213 955 1261 incipere
987 1224 1060 1248 non
1091 1213 1172 1247 ausi
1198 1213 1325 1258 ignaro
1347 1214 1522 1260 principe,
1551 1213 1784 1260 perscripsere
1810 1222 1930 1248 tamen
1954 1215 1990 1249 in

80 1274 292 1300 consensum
322 1273 483 1310 senatus,
515 1262 587 1300 Ille
610 1276 660 1300 an
683 1273 808 1300 auctor
832 1264 1094 1300 constitutionis
1106 1260 1232 1311 fieret,
1264 1272 1305 1299 ut
1331 1263 1420 1299 inter
1436 1275 1577 1311 paucos
1600 1272 1633 1299 et
1658 1264 1850 1300 sententiae
1873 1264 1992 1301 adver-

81 1324 156 1361 sos,
190 1313 414 1360 quibusdam,
452 1313 633 1349 Coalitam
659 1314 816 1349 libertate
842 1314 1103 1349 irreverentiam
1129 1325 1170 1347 eo
1192 1314 1398 1359 prorupisse
1411 1314 1661 1362 frementibuS,
1685 1320 1730 1348 ut
1755 1315 1844 1360 vine,
1866 1327 1914 1349 an
1939 1328 1995 1350 ae-

81 1375 152 1411 quo
185 1375 267 1400 cum
291 1365 458 1412 patronis
483 1365 557 1401 iure
588 1373 749 1414 agerent,
782 1364 992 1409 sententiam
1025 1375 1151 1400 eorum
1175 1363 1428 1410 consultarent,
1457 1375 1499 1400 ac
1525 1363 1720 1400 verberibus
1744 1375 1874 1400 manus
1899 1365 1994 1403 ultro

82 1415 314 1462 intenderent,
348 1415 555 1462 [impulere]
595 1415 767 1463 impune,
801 1415 855 1451 vel
877 1427 1039 1463 poenam
1068 1426 1175 1450 suam
1205 1414 1460 1451 dissuadentes:
1494 1441 1520 1461 ,,
1537 1414 1638 1465 Quid
1658 1416 1752 1451 enim
1774 1416 1872 1451 aliud
1896 1416 1993 1454 laeso

75 1472 233 1512 patrono
260 1477 477 1511 concessum,
503 1478 613 1513 quam
636 1474 675 1501 ut
702 1466 907 1502 vicesimum
932 1466 1028 1501 ultra
1052 1465 1205 1513 lapidem
1231 1466 1268 1501 in
1293 1477 1398 1501 oram
1416 1465 1631 1512 Campaniae
1654 1465 1817 1502 libertum
1841 1467 1995 1514 releget?

87 1514 230 1550 Ceteras
254 1517 411 1551 actiones
429 1517 635 1562 promiscas
662 1524 694 1551 et
711 1527 818 1563 pares
844 1517 963 1551 esse.“
987 1515 1230 1551 Tribuendum
1255 1515 1403 1562 aliquod
1426 1516 1546 1560 telum,
1571 1516 1669 1562 quod
1691 1518 1809 1563 sperni
1833 1528 1993 1565 nequeat.

263 1575 380 1612 Hunc
414 1584 566 1627 quoqne
599 1577 728 1613 locum
753 1576 1008 1626 plurimorum
1037 1577 1288 1628 interpretum
1325 1578 1429 1614 curis
1460 1584 1644 1615 tentatum
1671 1586 1710 1615 et
1741 1586 1887 1616 tantum
1915 1593 1995 1617 non

84 1626 339 1676 desperatum,
365 1639 480 1677 quum
509 1626 571 1662 alii
597 1627 711 1676 plane
739 1636 982 1677 corruptum,
1007 1628 1071 1664 alii
1096 1629 1196 1664 male
1222 1628 1436 1664 mutilatum
1462 1628 1650 1675 dicerent,
1684 1630 1716 1665 si
1747 1630 1825 1666 leni
1862 1643 1996 1669 corre-

87 1676 214 1712 ctione
239 1689 299 1713 me
323 1677 534 1714 restituisse
560 1677 698 1725 dicam,
723 1689 867 1715 vereor
891 1689 1027 1727 paene,
1056 1690 1107 1715 ne
1132 1678 1328 1729 plerisque
1353 1679 1464 1714 nimis
1493 1678 1688 1715 confidens
1719 1680 1864 1717 videar.
1917 1681 1997 1718 Sed

85 1725 264 1811 quoniam
297 1727 393 1763 mihi
424 1740 502 1764 non
529 1727 646 1764 semel
676 1740 765 1765 eum
791 1728 966 1775 intuenti,
1001 1728 1070 1765 sed
1097 1729 1261 1778 saepius,
1294 1736 1335 1766 et
1358 1736 1561 1779 postquam
1590 1730 1738 1777 primus
1769 1730 1996 1770 inventionis

105 1787 223 1812 ervor
243 1775 390 1813 dudum
420 1778 574 1823 resedit,
599 1786 727 1815 tamen
753 1779 879 1816 omnia
904 1792 994 1816 vera
1021 1787 1062 1816 et
1073 1780 1188 1828 plana
1206 1779 1395 1826 videntur,
1420 1792 1519 1829 quae
1546 1781 1609 1816 vel
1637 1780 1686 1816 ad
1712 1782 1997 1819 correctionem

85 1825 149 1863 vel
169 1825 216 1861 ad
233 1826 591 1876 interpretationem
612 1829 844 1879 excogitavi,
868 1831 992 1865 maior
1018 1830 1057 1865 in
1080 1829 1162 1866 dies
1189 1842 1277 1880 spes
1304 1842 1366 1867 me
1393 1837 1571 1879 occupat,
1598 1829 1693 1876 fore,
1720 1837 1760 1866 ut
1783 1831 1877 1869 alios
1901 1845 1996 1883 quo-

86 1888 161 1926 que
191 1878 468 1916 consentientes
499 1879 711 1916 nanciscar.
764 1881 893 1929 Atque
928 1880 1005 1916 duo
1041 1880 1194 1929 quidem
1227 1880 1378 1918 vitiosa*
1396 1892 1480 1917 esse
1515 1880 1618 1918 ultro
1654 1881 1834 1919 occurrit.
1898 1884 1997 1921 Nam

86 1932 175 1986 post
208 1926 339 1972 verba,
372 1941 413 1964 eo
435 1931 612 1977 prorupit,
647 1928 835 1965 excidisse
869 1939 918 1975 ur,
952 1930 1067 1979 idque
1095 1943 1115 1965 a
1143 1932 1177 1965 vi
1203 1931 1330 1966 statim
1362 1930 1614 1980 subsequente
1647 1942 1730 1967 esse
1755 1931 1935 1969 haustum
1962 1943 1998 1971 et

86 1975 335 2025 perspicuum
363 1986 422 2016 est
447 1987 487 2016 et
513 1992 535 2016 a
566 1979 694 2017 multis
727 1979 803 2016 iam
832 1987 920 2017 ante
946 1992 1008 2017 me
1032 1980 1278 2018 intellectum.
1331 1982 1463 2031 ltaque
1490 1981 1591 2017 inter
1613 1979 1733 2018 verba
1759 1983 1883 2021 Taciti
1909 1996 1994 2021 eam

84 2026 312 2075 particulam
332 2031 475 2078 recepi.
526 2031 662 2080 Neque
688 2030 812 2067 minus
834 2031 994 2081 simplex
1022 2033 1185 2067 alterum
1209 2032 1345 2067 vitium
1369 2039 1436 2067 est.
1488 2032 1661 2081 Namque
1685 2033 1863 2081 impulere,
1889 2035 1995 2086 quod

84 2075 195 2112 uncis
220 2075 368 2125 inclusi,
395 2092 415 2115 a
440 2080 589 2130 reliqua
615 2080 791 2118 oratione
817 2080 974 2132 obliqua
998 2089 1076 2118 tam
1089 2090 1220 2131 aperte
1246 2081 1445 2127 abhorret,
1468 2088 1511 2117 ut
1534 2081 1609 2118 iam
1638 2082 1816 2120 codicum
1843 2083 1993 2121 librarii

87 2126 286 2184 impudente
317 2128 382 2163 vel
415 2132 633 2179 impudentes
666 2132 922 2180 correxerint,
948 2132 1072 2168 minus
1105 2140 1233 2168 tamen
1266 2143 1357 2168 vere
1393 2132 1656 2180 coniicientes,
1684 2146 1796 2183 quam
1823 2135 1995 2171 homines

86 2175 194 2233 docti
225 2178 478 2234 recentiores,
512 2181 580 2231 qui
607 2184 748 2230 impune
778 2182 1072 2219 rescribendum
1106 2194 1189 2219 esse
1219 2182 1410 2220 viderunt.
1462 2184 1597 2233 Itaque
1630 2197 1760 2220 rursus
1787 2191 1997 2236 postquam

85 2225 214 2263 verbis
239 2239 313 2262 iam
338 2228 401 2264 alii
431 2239 726 2280 prospexerunt,
752 2232 845 2268 mihi
871 2241 915 2269 ut
941 2233 1216 2269 sententiarum
1248 2240 1421 2269 naturam
1449 2234 1687 2282 patefaciam,
1721 2233 1896 2270 relictum
1924 2243 1995 2272 est.

86 2275 328 2363 Qkpamquam
358 2278 420 2334 yel
453 2279 492 2315 in
522 2281 608 2326 hac,
640 2290 685 2320 ut
717 2288 819 2319 nunc
846 2295 867 2318 a
892 2294 955 2319 me
981 2283 1165 2333 disposita
1200 2283 1318 2321 verba
1350 2284 1471 2330 vides,
1506 2283 1596 2333 quid
1627 2289 1756 2330 potest
1785 2283 1996 2322 admodum

89 2338 111 2363 o
142 2339 298 2364 scurum
329 2327 479 2365 videri?
520 2331 706 2370 Consules
740 2332 786 2370 de
816 2334 1059 2370 revocandae
1091 2334 1281 2372 libertatis
1307 2335 1404 2378 iure,
1436 2335 1467 2370 si
1492 2333 1556 2382 qui
1582 2332 1713 2369 liberti
1736 2335 1838 2372 male
1863 2336 1995 2374 meriti

88 2384 230 2423 essent,
263 2378 311 2414 ad
336 2378 532 2416 Neronem
558 2384 812 2430 perscribunt
844 2385 1168 2436 praemittuntque
1200 2393 1425 2436 argumenta
1457 2396 1607 2429 eorum,
1651 2383 1719 2433 qui
1753 2384 1998 2423 adimendam

88 2426 314 2467 censebant:
349 2428 578 2482 Quibusdam
610 2434 870 2471 irreverentiam
895 2448 936 2472 eo
959 2437 1166 2485 prorupisse
1181 2436 1433 2486 frementibus,
1464 2443 1503 2469 ut
1529 2445 1654 2470 eorum
1679 2438 1889 2472 sententiam
1915 2449 1998 2475 con-

35 2493 41 2496 ·
87 2476 269 2527 saltarent,
300 2482 334 2517 vi
367 2493 413 2518 an
446 2493 559 2530 aequo
595 2484 670 2521 iure
702 2495 857 2532 agerent.
908 2486 1032 2536 Igitur
1062 2487 1120 2523 illi
1150 2487 1355 2524 frementes
1384 2495 1426 2521 se
1454 2484 1557 2535 ipsos
1591 2497 1677 2522 eam
1703 2485 1995 2526 irreverentiam

1385 2544 1451 2596 (5)
