2152 2691
1666 15 1675 36 Ι

910 43 1196 89 ...4—

97 168 327 207 Messalinae
356 176 576 220 exemptum
608 168 806 206 docemur.
836 168 898 205 Ex
928 167 989 207 his
1015 169 1132 220 igitur
1165 167 1343 207 omnibus
1375 177 1508 220 patere
1532 171 1609 209 hoc
1632 170 1725 208 mihi
1751 173 1906 212 videtur
1932 169 2033 215 esse‘

99 219 260 278 aliquod
284 219 446 262 verbum
472 218 879 271 circumspiciendum,
908 220 1023 271 ,quod-
1045 219 1199 265 mulieri
1225 226 1408 258 excutere
1434 222 1646 269 consilium,
1677 234 1882 262 excussum
1901 236 2018 267 excu-

101 267 179 308 a'an
202 269 342 318 possit;
368 282 447 320 qua
462 276 622 319 propter
646 266 845 306 rescribo:
886 282 1106 318 quamquam
1132 280 1203 307 res
1239 269 1280 306 in
1290 270 1521 317 adversae,
1546 271 1571 308 i.
1595 285 1628 310 e.
1653 273 1867 323 repentinae
1890 283 1944 313 n'e,
1995 277 2019 312 e

99 319 293 369 provisae,
316 320 504 356 consilium
518 321 735 356 etima-ent.
788 321 918 370 Atque
948 320 1044 357 tales
1068 318 1136 357 ⁴res
1154 318 1444 371 ‘praecedentia
1466 322 1602 358 omnia
1632 322 1876 362 describunt:
1962 338 2019 363 on

100 376 257 406 rumor
280 370 422 414 bitena,
464 369 529 405 sed
551 369 706 417 undique
725 371 847 406 nuncii
868 371 1041 415 incedunt,
1073 371 1134 418 qui
1151 380 1271 416 gnara
1302 370 1459 407 Claudio·
1476 379 1602 409 cuncta
1628 381 1661 409 et
1694 375 1846 413 venire
1869 386 2019 423 prom·

95 425 226 466 ptum
250 421 422 457 ultioni
446 417 626 469 afferrent.
658 421 713 456 Et
737 419 996 469 statimrpostz
1029 419 1159 457 Ceteris
1170 421 1314 468 passim
1328 421 1764 472 dilabentibus'Yaffuere
1788 426 2017 462 centuriones.

629 531 653 544 ε,
923 485 1137 550 Annam,
1157 493 1220 536 33·
1282 494 1308 546 1.,
1434 540 1436 545 ¹
1483 529 1489 546 ξ
1523 543 1537 552 ν
1640 530 1647 550 1
1704 540 1705 543 ¹
1753 530 1765 546 ι,
1818 524 1881 553 ῑῘ-υ,
1910 541 1916 553 ¹

282 556 394 603 Ergo
415 556 623 600 Narcissus,
649 558 844 606 assumptis
869 557 996 605 quibus
1019 558 1113 593 idem
1137 565 1264 603 metus,
1291 569 1365 597 non
1388 547 1503 594 aliam
1528 570 1628 606 spem
1654 559 1909 599 incolimtitatis
1937 560 2020 602 (Σαο-

102 605 194 643 mn's
219 604 394 656 affirmat,
425 620 538 655 quam
570 609 603 644 si
637 608 694 644 ius
721 608 879 644 militum
912 620 984 644 uno
1017 608 1078 644 illo
1110 608 1164 644 die
1190 608 1227 644 in
1257 607 1414 655 aliquem
1443 608 1650 646 libertorum
1675 610 1892 660 transferret,
1915 621 2021 666 saque

103 667 128 695 0
160 664 211 693 ert
243 666 503 706 suscepturum.
560 656 622 694 Ac
651 669 705 704 ne,
736 659 823 694 dum
856 658 892 693 in
925 657 1053 694 urbem
1082 658 1226 702 vehitur,
1252 659 1301 694 ad
1324 659 1595 705 poenitentiam,
1611 660 1784 701 aULucio
1800 660 1961 701 „Vitellio
1987 668 2021 696 et

193 706 242 744 lio
268 707 401 755 Largo
433 707 585 745 Caecina
610 716 819 753 mutaretur,
846 708 883 743 in
907 708 1033 745 eodem
1057 709 1257 755 gestamine
1281 708 1402 744 sedem
1418 710 1540 756 poscit
1566 710 1795 759 assumitque.

288 782 347 819 Ne
370 781 436 818 hic
467 781 637 833 quidem,
663 780 696 818 si
720 780 788 831 qui
812 774 1036 832 integenrad
1063 781 1271 819 lectionem
1297 782 1522 828 accesserit,
1555 783 1728 834 reperiet
1760 782 1866 834 quod
1889 794 2023 833 repre·

105 829 270 879 hendat3
306 831 509 882 corrigunt
539 839 667 869 tamen
714 833 902 880 sumitque.
955 831 1198 889 Quamquam
1224 844 1302 868 non
1327 840 1405 869 tam
1436 832 1556 883 longe
1581 844 1627 870 ea
1652 833 1774 871 verba
1800 833 1955 883 distare,
1977 839 2024 869 ut

105 893 187 918 non
217 882 382 922 alterum
409 893 483 932 pro
516 882 650 924 altero.
695 881 731 923 ic
763 882 966 920 commode
987 889 1167 933 ponatur,
1196 881 1425 933 probatione
1451 894 1530 920 non
1555 883 1715 934 indiget.
1765 884 1896 935 Itaque
1925 893 2024 935 quae

106 930 266 969 abfaliis
293 939 430 970 contra
466 932 721 983 compositam
746 930 912 980 formam
938 933 1187 982 proferuntur
1218 935 1296 971 n'on
1328 933 1459 970 multis
1488 933 1668 979 refellam
1675 947 1688 981 3
1731 931 1869 971 addam
1899 941 2023 971 tamen

106 981 231 1031 aliud,
260 981 369 1033 quod
393 982 584 1029 nondum,
680 989 812 1019 autum
836 983 917 1020 scio
945 983 1019 1021 viri
1046 983 1152 1022 docti
1184 982 1501 1032 observaverunt,
1533 996 1555 1020 a
1581 996 1645 1020 me
1669 991 1797 1021 autem
1823 984 1900 1020 iam
1926 994 2025 1023 anno

106 1032 312 1081 superiore
336 1044 426 1083 pag.
446 1032 496 1071 15
522 1032 617 1083 sign'
649 1040 777 1069 catum
803 1040 877 1070 est:
907 1033 1009 1083 apud
1036 1033 1214 1080 Tacitum
1239 1033 1545 1082 praepositiones
1570 1033 1624 1076 ita
1649 1044 1767 1082 saepe·
1785 1035 1875 1069 cuin
1898 1033 2027 1071 verbis

108 1082 347 1132 coalescere,
371 1090 417 1120 ut
431 1082 704 1125 adverbiorum
722 1082 770 1120 ab
799 1082 885 1133 ipso
911 1082 1035 1121 verbo
1062 1082 1215 1134 longius
1242 1082 1503 1120 recedentium
1528 1082 1723 1134 magisque
1747 1082 2027 1132 pertinentium

109 1131 159 1168 ad
181 1132 378 1183 reliquam
395 1132 584 1170 orationis
604 1140 781 1170 naturam
792 1141 964 1170 teneant.
1003 1133 1069 1170 Sic
1082 1145 1262 1170 assumere
1275 1133 1503 1183 plerumque
1520 1140 1590 1183 est,
1602 1133 1651 1169 ad
1665 1132 1811 1182 aliquid
1832 1132 1948 1178 aliud,
1960 1133 2027 1171 vel

107 1190 311 1233 praeterea
323 1182 468 1233 aliquid
489 1181 661 1231 sumere}
672 1182 738 1220 hic
752 1195 845 1222 vero
858 1183 1002 1220 laxius:
1021 1183 1150 1221 sedem
1165 1183 1292 1233 poscit
1309 1191 1424 1234 atque
1440 1182 1554 1220 etiam
1570 1183 1694 1220 sumit.
1728 1182 1808 1219 Sed
1825 1189 1883 1219 est
1899 1189 2026 1220 tamen

108 1233 227 1270 etiam
251 1233 329 1270 hoc
354 1233 444 1271 loco
471 1233 617 1285 aliquid
644 1230 893 1280 monendum,
923 1247 1016 1285 quo,
1038 1236 1070 1271 si
1096 1234 1190 1285 quid
1216 1234 1345 1281 video,
1375 1234 1535 1284 propius
1561 1233 1611 1270 ad
1636 1232 1764 1269 Taciti
1787 1246 1940 1270 manum
1963 1245 2027 1281 ve·

106 1282 185 1318 niri
209 1283 345 1333 possit.
397 1283 533 1320 Codex
559 1283 663 1320 enim
687 1282 827 1320 habet:
861 1284 920 1321 Ac
947 1298 1001 1328 ne,
1028 1286 1114 1321 dum
1140 1287 1177 1320 in
1203 1286 1326 1320 urbem
1348 1297 1394 1320 re
1393 1284 1583 1334 feratur
1608 1284 1754 1327 vehitur,
1785 1285 1834 1319 ad
1848 1284 2027 1331 poenitat-

108 1333 202 1370 tiam
224 1337 425 1371 mutaretur
455 1332 530 1369 etc.
582 1332 710 1386 Quam
734 1345 876 1371 vocem
910 1334 942 1370 si
966 1333 1105 1386 reliqui
1132 1333 1226 1370 libri
1251 1334 1441 1380 omittunt,
1470 1345 1549 1370 non
1576 1332 1824 1383 emendatius,
1880 1339 1959 1382 uto,
1984 1343 2026 1370 se

110 1383 330 1433 scripturos
361 1382 643 1430 iudicaverunt,
667 1382 736 1419 sed
770 1383 903 1420 vitium
938 1385 991 1420 ita
1026 1398 1141 1434 quam
1165 1384 1399 1421 -brevissime
1430 1383 1643 1421 obliterari.
1693 1383 1773 1420 Nos
1809 1394 1855 1420 re
1871 1382 2027 1433 igiosius

110 1433 193 1471 veri
217 1432 383 1483 vestigia
406 1432 536 1469 rimati
560 1432 614 1469 ita
641 1432 899 1482 corrigemus:
939 1433 998 1469 Ac
1023 1447 1077 1482 ne,
1112 1435 1199 1470 dum
1224 1436 1261 1469 in
1286 1435 1408 1471 urbem
1432 1441 1676 1481 separatus
1702 1434 1847 1478 vehitur,
1879 1434 1928 1469 ad
1943 1446 2028 1481 poe

110 1484 299 1520 nitentium
323 1496 348 1519 a
372 1484 493 1521 Lucio
530 1482 675 1520 Vitellio
700 1492 909 1520 mutaretur.
960 1484 1004 1519 In
1031 1496 1109 1533 quo
1136 1483 1332 1532 participii
1360 1484 1555 1521 notionem
1580 1481 1782 1532 propriam
1807 1489 1930 1522 tueor.
1964 1482 2029 1519 Ti·

110 1531 243 1571 mebat
267 1532 371 1570 enim
394 1531 609 1577 Narcissus,
639 1543 690 1569 ne
715 1544 788 1582 per
813 1532 963 1574 Vitellii
988 1532 1362 1571 artes'Messalinam
1389 1532 1656 1582 amplectentis
1683 1532 1860 1570 consulto
1886 1532 1934 1569 ab
1960 1533 2028 1569 im·

110 1591 294 1633 peratore
324 1590 586 1641 separaretur.
622 1631 631 1640 ·
651 1583 1009 1640 §eterumsquam
1041 1595 1169 1634 prope
1205 1583 1395 1633 reseratur,
1435 1592 1622 1632 separatus
1660 1583 1700 1619 in
1733 1582 2029 1633 Longobardica

113 1632 310 1683 scriptura
334 1632 494 1682 distent,
516 1643 736 1670 meminisse
762 1639 803 1669 te
830 1632 960 1670 iubeo.

927 1708 962 1745 A
972 1700 1040 1743 nn'.
1065 1706 1137 1757 xl,
1162 1706 1225 1746 35.

297 1769 357 1808 Ac
375 1770 541 1819 primum
565 1770 603 1807 in
626 1769 796 1819 vestibulo
824 1765 982 1820 effigiem
999 1771 1118 1819 patris
1137 1768 1219 1807 Silii
1243 1771 1404 1808 consulto
1431 1778 1576 1807 senatus
1600 1769 1775 1806 abolitam
1800 1770 2028 1816 demonstrat,

113 1829 195 1873 tum
218 1821 391 1870 quidquid
417 1822 579 1858 habitum
606 1820 816 1858 Neronibus
839 1829 872 1857 et
897 1823 1041 1874 Drusis
1067 1822 1103 1857 in
1124 1822 1282 1869 pretium
1300 1822 1426 1870 probri
1450 1822 1611 1859 cessisse.

300 1894 457 1934 Avitum
487 1903 528 1932 et
558 1896 720 1933 habitum
752 1903 866 1946 atque
897 1895 1038 1933 similia
1070 1906 1188 1945 saepe
1218 1908 1239 1932 a
1272 1894 1444 1932 librariis
1472 1893 1631 1931 misceri
1665 1905 1797 1932 omnes
1828 1902 2029 1935 noverunt.

117 1945 196 1983 Sed
225 1958 316 1983 num
352 1945 442 1982 inde
473 1945 738 1995 consequitur,
769 1953 815 1982 ut
840 1958 912 1982 nos
942 1952 1105 1995 propter
1130 1945 1171 1981 id
1194 1945 1345 1996 ingenio
1379 1946 1570 1993 ludentes,
1603 1943 1672 1980 ubi
1696 1944 1763 1980 ubi
1789 1943 1875 1981 fieri
1899 1946 2031 1995 possit,

117 1995 284 2033 alterum
307 2008 380 2046 pro
407 1995 532 2033 altero
557 1994 817 2045 reponamus?
855 1994 1093 2033 Praesertim
1126 2006 1213 2031 cum
1247 2008 1363 2046 quam
1387 1995 1465 2032 late
1489 1995 1616 2031 habere
1639 1994 1741 2043 apud
1768 1994 1941 2033 Tacitum
1963 2008 2031 2045 pa-

117 2053 212 2092 teat,
242 2057 321 2082 non
353 2046 480 2085 minua
514 2058 651 2083 omnes
683 2046 918 2084 noverimus.
968 2047 1102 2096 Itaque
1134 2052 1170 2083 et
1192 2045 1256 2082 hic
1281 2053 1394 2083 tueor
1418 2044 1590 2093 et‘XIIL
1615 2044 1684 2083 34:
1717 2044 1866 2082 Aurelio
1892 2058 2033 2094 quoque

120 2095 252 2134 Cottae
278 2104 312 2134 et
327 2095 484 2134 Haterio
499 2095 689 2134 Antonino
716 2108 876 2146 annuam
895 2097 1089 2145 pecuniam
1113 2097 1238 2133 statuit
1257 2098 1439 2145 princeps,
1467 2095 1632 2144 quamvis
1650 2107 1718 2143 per
1742 2096 1868 2132 luxum
1892 2096 2032 2133 habitas

118 2159 206 2196 opes
230 2147 473 2195 dissipassent-
521 2146 598 2184 Ubi
622 2145 744 2186 verba
769 2146 824 2184 ita
847 2146 1055 2197 iungenda,
1079 2152 1123 2183 ut
1148 2158 1234 2195 opes
1251 2159 1320 2195 per
1344 2147 1474 2184 luxum
1497 2145 1638 2183 habitas
1660 2144 1852 2196 intelligas

992 2220 1155 2258 Ibidem.

316 2270 518 2308 Continuus
543 2272 665 2308 dehinc
692 2272 894 2308 cohortium
909 2273 1049 2309 clamor
1074 2273 1223 2309 nomina
1249 2284 1393 2309 reorum
1413 2280 1447 2308 et
1460 2281 1599 2319 poenas
1615 2268 1885 2319 flagitantium3
1912 2270 2034 2306 admo·

120 2329 248 2368 tusque
269 2319 381 2359 Silius
410 2322 579 2359 tribunali
603 2334 678 2359 non
702 2320 947 2371 defensionem,
972 2335 1046 2360 non
1070 2334 1196 2358 moras
1220 2323 1378 2372 tentavit,
1394 2328 1563 2369 precatus
1589 2329 1628 2356 ut
1650 2332 1750 2358 mors
1774 2320 2032 2356 acceleraretur.

120 2371 247 2409 eadem
269 2373 470 2409 constantia
495 2381 529 2409 et
554 2372 709 2409 illustres
735 2373 868 2420 equites
894 2373 1064 2410 Romani
1071 2386 1084 2420 3
1111 2374 1237 2420 cupido
1263 2382 1427 2409 maturae
1455 2372 1549 2408 necis
1565 2370 1657 2420 suit.

308 2433 373 2471 Sic
402 2434 757 2488 interpungendum
788 2446 871 2483 esse
902 2434 980 2472 iam
1004 2434 1192 2475 Walther
1216 2434 1335 2483 vidit3
1368 2434 1438 2472 sed
1468 2440 1532 2471 aut
1556 2432 1660 2484 quod
1685 2428 1861 2481 cupidius
1887 2431 2032 2471 codicis

119 2484 355 2535 scripturam
379 2497 495 2537 saepe
518 2485 697 2525 defendit
720 2486 1063 2539 auctoritatemque
1087 2486 1148 2525 sui
1170 2484 1304 2525 iudicii
1329 2492 1497 2537 propter
1520 2483 1563 2522 id
1586 2484 1713 2536 ipsum
1738 2481 1935 2533 deminuit,
1965 2488 2032 2520 aut
