<?xml version="1.0" encoding="UTF-8"?>
<!DOCTYPE html PUBLIC "-//W3C//DTD XHTML 1.0 Transitional//EN"
    "http://www.w3.org/TR/xhtml1/DTD/xhtml1-transitional.dtd">
<html xmlns="http://www.w3.org/1999/xhtml" xml:lang="en" lang="en">
 <head>
  <title>
</title>
<meta http-equiv="Content-Type" content="text/html;charset=utf-8" />
  <meta name='ocr-system' content='tesseract 3.04.00' />
  <meta name='ocr-capabilities' content='ocr_page ocr_carea ocr_par ocr_line ocrx_word'/>
</head>
<body>
  <div class='ocr_page' id='page_1' title='image "./4768549_0020.png"; bbox 0 0 2152 2691; ppageno 0'>
   <div class='ocr_carea' id='block_1_1' title="bbox 905 67 1217 113">
    <p class='ocr_par' dir='ltr' id='par_1_1' title="bbox 905 67 1217 113">
     <span class='ocr_line' id='line_1_1' title="bbox 905 67 1217 113; baseline -0.003 -9"><span class='ocrx_word' id='word_1_1' title='bbox 905 67 1217 113; x_wconf 77' lang='lat'><strong>...11-</strong></span> 
     </span>
    </p>
   </div>
   <div class='ocr_carea' id='block_1_2' title="bbox 79 191 2064 2601">
    <p class='ocr_par' dir='ltr' id='par_1_2' title="bbox 79 191 2064 2601">
     <span class='ocr_line' id='line_1_2' title="bbox 294 191 2018 243; baseline -0.005 -5"><span class='ocrx_word' id='word_1_2' title='bbox 294 202 488 242; x_wconf 82' lang='lat' dir='ltr'><strong>Fortasse,</strong></span> <span class='ocrx_word' id='word_1_3' title='bbox 520 194 554 230; x_wconf 90' lang='lat' dir='ltr'><strong>si</strong></span> <span class='ocrx_word' id='word_1_4' title='bbox 588 205 636 230; x_wconf 88' lang='lat' dir='ltr'><strong>eo</strong></span> <span class='ocrx_word' id='word_1_5' title='bbox 667 192 714 230; x_wconf 93' lang='lat' dir='ltr'><strong>de</strong></span> <span class='ocrx_word' id='word_1_6' title='bbox 745 192 835 230; x_wconf 90' lang='lat' dir='ltr'><strong>loco</strong></span> <span class='ocrx_word' id='word_1_7' title='bbox 866 192 1011 230; x_wconf 89' lang='lat' dir='ltr'><strong>dudum</strong></span> <span class='ocrx_word' id='word_1_8' title='bbox 1046 207 1069 230; x_wconf 81' lang='lat' dir='ltr'><strong>a</strong></span> <span class='ocrx_word' id='word_1_9' title='bbox 1097 193 1226 231; x_wconf 85' lang='lat' dir='ltr'><strong>multis</strong></span> <span class='ocrx_word' id='word_1_10' title='bbox 1258 200 1367 230; x_wconf 87' lang='lat' dir='ltr'><strong>reete</strong></span> <span class='ocrx_word' id='word_1_11' title='bbox 1403 191 1602 230; x_wconf 90' lang='lat' dir='ltr'><strong>intellecto</strong></span> <span class='ocrx_word' id='word_1_12' title='bbox 1639 191 1782 243; x_wconf 79' lang='lat' dir='ltr'><strong>aliquid</strong></span> <span class='ocrx_word' id='word_1_13' title='bbox 1818 204 2018 234; x_wconf 75' lang='lat' dir='ltr'><strong>monuero,</strong></span> 
     </span>
     <span class='ocr_line' id='line_1_3' title="bbox 79 242 2022 302; baseline 0.002 -27"><span class='ocrx_word' id='word_1_14' title='bbox 79 270 89 275; x_wconf 89' lang='lat'><strong>.</strong></span> <span class='ocrx_word' id='word_1_15' title='bbox 113 260 197 291; x_wconf 63' lang='lat' dir='ltr'><strong>acta</strong></span> <span class='ocrx_word' id='word_1_16' title='bbox 226 249 543 296; x_wconf 61' lang='lat' dir='ltr'><strong>videhonagere.</strong></span> <span class='ocrx_word' id='word_1_17' title='bbox 595 242 670 281; x_wconf 89' lang='lat' dir='ltr'><strong>Sed</strong></span> <span class='ocrx_word' id='word_1_18' title='bbox 694 249 822 291; x_wconf 76' lang='lat' dir='ltr'><strong>tamen</strong></span> <span class='ocrx_word' id='word_1_19' title='bbox 855 243 975 302; x_wconf 71' lang='lat' dir='ltr'><strong>quum</strong></span> <span class='ocrx_word' id='word_1_20' title='bbox 999 243 1234 293; x_wconf 68' lang='lat' dir='ltr'><strong>interpretes</strong></span> <span class='ocrx_word' id='word_1_21' title='bbox 1253 242 1370 285; x_wconf 18' lang='lat' dir='ltr'><strong>,etiam</strong></span> <span class='ocrx_word' id='word_1_22' title='bbox 1399 253 1501 287; x_wconf 86' lang='lat' dir='ltr'><strong>nunc</strong></span> <span class='ocrx_word' id='word_1_23' title='bbox 1526 242 1691 289; x_wconf 77' lang='lat' dir='ltr'><strong>haerere</strong></span> <span class='ocrx_word' id='word_1_24' title='bbox 1715 243 1754 279; x_wconf 90' lang='lat' dir='ltr'><strong>in</strong></span> <span class='ocrx_word' id='word_1_25' title='bbox 1782 254 1830 279; x_wconf 92' lang='lat' dir='ltr'><strong>eo</strong></span> <span class='ocrx_word' id='word_1_26' title='bbox 1857 242 2022 289; x_wconf 87' lang='lat' dir='ltr'><strong>videam,</strong></span> 
     </span>
     <span class='ocr_line' id='line_1_4' title="bbox 113 291 2021 348; baseline -0.005 -7"><span class='ocrx_word' id='word_1_27' title='bbox 113 312 240 342; x_wconf 87' lang='lat' dir='ltr'><strong>utrum</strong></span> <span class='ocrx_word' id='word_1_28' title='bbox 266 299 433 348; x_wconf 73' lang='lat' dir='ltr'><strong>praevisa</strong></span> <span class='ocrx_word' id='word_1_29' title='bbox 466 294 609 331; x_wconf 84' lang='lat' dir='ltr'><strong>utilitas</strong></span> <span class='ocrx_word' id='word_1_30' title='bbox 641 295 818 331; x_wconf 87' lang='lat' dir='ltr'><strong>locorum</strong></span> <span class='ocrx_word' id='word_1_31' title='bbox 851 302 900 331; x_wconf 72' lang='lat' dir='ltr'><strong>sit</strong></span> <span class='ocrx_word' id='word_1_32' title='bbox 924 307 1000 331; x_wconf 88' lang='lat' dir='ltr'><strong>non</strong></span> <span class='ocrx_word' id='word_1_33' title='bbox 1028 294 1129 342; x_wconf 84' lang='lat' dir='ltr'><strong>visa,</strong></span> <span class='ocrx_word' id='word_1_34' title='bbox 1160 307 1208 330; x_wconf 88' lang='lat' dir='ltr'><strong>an</strong></span> <span class='ocrx_word' id='word_1_35' title='bbox 1234 292 1459 344; x_wconf 16' lang='lat' dir='ltr'><strong>antevwisa,</strong></span> <span class='ocrx_word' id='word_1_36' title='bbox 1484 291 1646 331; x_wconf 83' lang='lat' dir='ltr'><strong>v&#39;erbum</strong></span> <span class='ocrx_word' id='word_1_37' title='bbox 1672 304 1735 329; x_wconf 89' lang='lat' dir='ltr'><strong>me</strong></span> <span class='ocrx_word' id='word_1_38' title='bbox 1761 292 1948 334; x_wconf 64' lang='lat' dir='ltr'><strong>&gt;adiecisse</strong></span> <span class='ocrx_word' id='word_1_39' title='bbox 1971 301 2021 344; x_wconf 19' lang='lat' dir='ltr'><strong>,et</strong></span> 
     </span>
     <span class='ocr_line' id='line_1_5' title="bbox 119 342 2022 398; baseline -0.005 -7"><span class='ocrx_word' id='word_1_40' title='bbox 119 353 271 395; x_wconf 86' lang='lat' dir='ltr'><strong>amicus,</strong></span> <span class='ocrx_word' id='word_1_41' title='bbox 297 347 362 398; x_wconf 91' lang='lat' dir='ltr'><strong>qui</strong></span> <span class='ocrx_word' id='word_1_42' title='bbox 394 347 491 383; x_wconf 89' lang='lat' dir='ltr'><strong>haec</strong></span> <span class='ocrx_word' id='word_1_43' title='bbox 521 344 665 381; x_wconf 91' lang='lat' dir='ltr'><strong>dudum</strong></span> <span class='ocrx_word' id='word_1_44' title='bbox 698 344 737 380; x_wconf 92' lang='lat' dir='ltr'><strong>in</strong></span> <span class='ocrx_word' id='word_1_45' title='bbox 772 343 914 382; x_wconf 89' lang='lat' dir='ltr'><strong>mundo</strong></span> <span class='ocrx_word' id='word_1_46' title='bbox 946 342 1083 393; x_wconf 86' lang='lat' dir='ltr'><strong>habet,</strong></span> <span class='ocrx_word' id='word_1_47' title='bbox 1115 351 1152 381; x_wconf 88' lang='lat' dir='ltr'><strong>et</strong></span> <span class='ocrx_word' id='word_1_48' title='bbox 1183 343 1261 394; x_wconf 90' lang='lat' dir='ltr'><strong>alii,</strong></span> <span class='ocrx_word' id='word_1_49' title='bbox 1285 351 1327 380; x_wconf 91' lang='lat' dir='ltr'><strong>ut</strong></span> <span class='ocrx_word' id='word_1_50' title='bbox 1359 355 1491 393; x_wconf 88' lang='lat' dir='ltr'><strong>spero,</strong></span> <span class='ocrx_word' id='word_1_51' title='bbox 1511 343 1723 393; x_wconf 78' lang='lat' dir='ltr'><strong>ignoscent.</strong></span> <span class='ocrx_word' id='word_1_52' title='bbox 1774 343 1877 380; x_wconf 81' lang='lat' dir='ltr'><strong>Fieri</strong></span> <span class='ocrx_word' id='word_1_53' title='bbox 1900 343 2022 394; x_wconf 72' lang='lat' dir='ltr'><strong>igitur</strong></span> 
     </span>
     <span class='ocr_line' id='line_1_6' title="bbox 111 389 2039 454; baseline -0.004 -15"><span class='ocrx_word' id='word_1_54' title='bbox 111 405 227 454; x_wconf 84' lang='lat' dir='ltr'><strong>plane</strong></span> <span class='ocrx_word' id='word_1_55' title='bbox 250 410 337 434; x_wconf 67' lang='lat' dir='ltr'><strong>-non</strong></span> <span class='ocrx_word' id='word_1_56' title='bbox 371 389 512 446; x_wconf 60' lang='lat' dir='ltr'><strong>potcst,</strong></span> <span class='ocrx_word' id='word_1_57' title='bbox 543 402 602 443; x_wconf 50' lang='lat' dir='ltr'><strong>utl</strong></span> <span class='ocrx_word' id='word_1_58' title='bbox 616 394 791 444; x_wconf 87' lang='lat' dir='ltr'><strong>praevisa</strong></span> <span class='ocrx_word' id='word_1_59' title='bbox 824 395 899 431; x_wconf 88' lang='lat' dir='ltr'><strong>sint</strong></span> <span class='ocrx_word' id='word_1_60' title='bbox 937 408 1014 432; x_wconf 89' lang='lat' dir='ltr'><strong>non</strong></span> <span class='ocrx_word' id='word_1_61' title='bbox 1045 395 1137 432; x_wconf 91' lang='lat' dir='ltr'><strong>visa.</strong></span> <span class='ocrx_word' id='word_1_62' title='bbox 1196 396 1293 431; x_wconf 89' lang='lat' dir='ltr'><strong>Nam</strong></span> <span class='ocrx_word' id='word_1_63' title='bbox 1334 393 1439 444; x_wconf 83' lang='lat' dir='ltr'><strong>quod</strong></span> <span class='ocrx_word' id='word_1_64' title='bbox 1474 394 1578 430; x_wconf 84' lang='lat' dir='ltr'><strong>aiunt</strong></span> <span class='ocrx_word' id='word_1_65' title='bbox 1603 406 1693 441; x_wconf 85' lang='lat' dir='ltr'><strong>prae</strong></span> <span class='ocrx_word' id='word_1_66' title='bbox 1723 405 1839 442; x_wconf 85' lang='lat' dir='ltr'><strong>saepe</strong></span> <span class='ocrx_word' id='word_1_67' title='bbox 1870 405 1954 430; x_wconf 85' lang='lat' dir='ltr'><strong>esse</strong></span> <span class='ocrx_word' id='word_1_68' title='bbox 1978 394 2039 431; x_wconf 89' lang='lat' dir='ltr'><strong>in-</strong></span> 
     </span>
     <span class='ocr_line' id='line_1_7' title="bbox 114 443 2019 499; baseline -0.004 -10"><span class='ocrx_word' id='word_1_69' title='bbox 114 448 391 499; x_wconf 63' lang='lat' dir='ltr'><strong>compositione</strong></span> <span class='ocrx_word' id='word_1_70' title='bbox 442 444 542 482; x_wconf 88' lang='lat' dir='ltr'><strong>idem</strong></span> <span class='ocrx_word' id='word_1_71' title='bbox 595 443 700 496; x_wconf 88' lang='lat' dir='ltr'><strong>quod</strong></span> <span class='ocrx_word' id='word_1_72' title='bbox 745 453 899 493; x_wconf 80' lang='lat' dir='ltr'><strong>praeter,</strong></span> <span class='ocrx_word' id='word_1_73' title='bbox 958 443 1076 495; x_wconf 87' lang='lat' dir='ltr'><strong>idque</strong></span> <span class='ocrx_word' id='word_1_74' title='bbox 1123 444 1376 493; x_wconf 84' lang='lat' dir='ltr'><strong>praelabendo,</strong></span> <span class='ocrx_word' id='word_1_75' title='bbox 1424 443 1669 493; x_wconf 76' lang='lat' dir='ltr'><strong>praefluendo,</strong></span> <span class='ocrx_word' id='word_1_76' title='bbox 1713 444 2019 493; x_wconf 63' lang='lat' dir='ltr'><strong>praefestinmdo,</strong></span> 
     </span>
     <span class='ocr_line' id='line_1_8' title="bbox 112 492 2020 545; baseline -0.003 -8"><span class='ocrx_word' id='word_1_77' title='bbox 112 499 316 540; x_wconf 78' lang='lat' dir='ltr'><strong>similibus</strong></span> <span class='ocrx_word' id='word_1_78' title='bbox 335 497 424 535; x_wconf 84' lang='lat' dir='ltr'><strong>satis</strong></span> <span class='ocrx_word' id='word_1_79' title='bbox 462 495 642 545; x_wconf 85' lang='lat' dir='ltr'><strong>probari,</strong></span> <span class='ocrx_word' id='word_1_80' title='bbox 679 507 758 531; x_wconf 91' lang='lat' dir='ltr'><strong>non</strong></span> <span class='ocrx_word' id='word_1_81' title='bbox 788 508 878 533; x_wconf 90' lang='lat' dir='ltr'><strong>sane</strong></span> <span class='ocrx_word' id='word_1_82' title='bbox 910 494 1091 531; x_wconf 89' lang='lat' dir='ltr'><strong>audiendi</strong></span> <span class='ocrx_word' id='word_1_83' title='bbox 1120 502 1220 531; x_wconf 90' lang='lat' dir='ltr'><strong>sunt.</strong></span> <span class='ocrx_word' id='word_1_84' title='bbox 1271 494 1367 530; x_wconf 91' lang='lat' dir='ltr'><strong>Nam</strong></span> <span class='ocrx_word' id='word_1_85' title='bbox 1398 492 1457 530; x_wconf 92' lang='lat' dir='ltr'><strong>his</strong></span> <span class='ocrx_word' id='word_1_86' title='bbox 1489 492 1663 530; x_wconf 90' lang='lat' dir='ltr'><strong>omnibus</strong></span> <span class='ocrx_word' id='word_1_87' title='bbox 1697 494 1735 531; x_wconf 90' lang='lat' dir='ltr'><strong>in</strong></span> <span class='ocrx_word' id='word_1_88' title='bbox 1767 492 1909 539; x_wconf 80' lang='lat' dir='ltr'><strong>verbis,</strong></span> <span class='ocrx_word' id='word_1_89' title='bbox 1947 494 2020 532; x_wconf 85' lang='lat' dir='ltr'><strong>nisi</strong></span> 
     </span>
     <span class='ocr_line' id='line_1_9' title="bbox 112 543 2018 602; baseline -0.004 -15"><span class='ocrx_word' id='word_1_90' title='bbox 112 549 219 602; x_wconf 89' lang='lat' dir='ltr'><strong>quod</strong></span> <span class='ocrx_word' id='word_1_91' title='bbox 245 549 326 598; x_wconf 88' lang='lat' dir='ltr'><strong>ipsa</strong></span> <span class='ocrx_word' id='word_1_92' title='bbox 352 552 501 582; x_wconf 86' lang='lat' dir='ltr'><strong>motum</strong></span> <span class='ocrx_word' id='word_1_93' title='bbox 527 545 689 591; x_wconf 89' lang='lat' dir='ltr'><strong>addunt,</strong></span> <span class='ocrx_word' id='word_1_94' title='bbox 714 544 855 582; x_wconf 90' lang='lat' dir='ltr'><strong>retinet</strong></span> <span class='ocrx_word' id='word_1_95' title='bbox 879 557 985 582; x_wconf 86' lang='lat' dir='ltr'><strong>suam</strong></span> <span class='ocrx_word' id='word_1_96' title='bbox 1011 552 1184 581; x_wconf 84' lang='lat' dir='ltr'><strong>naturam</strong></span> <span class='ocrx_word' id='word_1_97' title='bbox 1202 557 1312 593; x_wconf 83' lang='lat' dir='ltr'><strong>prae,</strong></span> <span class='ocrx_word' id='word_1_98' title='bbox 1350 551 1394 580; x_wconf 91' lang='lat' dir='ltr'><strong>ut</strong></span> <span class='ocrx_word' id='word_1_99' title='bbox 1427 544 1475 580; x_wconf 89' lang='lat' dir='ltr'><strong>sit</strong></span> <span class='ocrx_word' id='word_1_100' title='bbox 1505 543 1609 580; x_wconf 89' lang='lat' dir='ltr'><strong>idem</strong></span> <span class='ocrx_word' id='word_1_101' title='bbox 1644 543 1750 591; x_wconf 86' lang='lat' dir='ltr'><strong>fere,</strong></span> <span class='ocrx_word' id='word_1_102' title='bbox 1787 544 1892 594; x_wconf 87' lang='lat' dir='ltr'><strong>quod</strong></span> <span class='ocrx_word' id='word_1_103' title='bbox 1926 554 2018 590; x_wconf 77' lang='lat' dir='ltr'><strong>ante,</strong></span> 
     </span>
     <span class='ocr_line' id='line_1_10' title="bbox 112 593 2019 645; baseline -0.003 -7"><span class='ocrx_word' id='word_1_104' title='bbox 112 613 160 638; x_wconf 88' lang='lat' dir='ltr'><strong>eo</strong></span> <span class='ocrx_word' id='word_1_105' title='bbox 181 607 309 636; x_wconf 90' lang='lat' dir='ltr'><strong>tamen</strong></span> <span class='ocrx_word' id='word_1_106' title='bbox 336 595 567 642; x_wconf 73' lang='lat' dir='ltr'><strong>discrimine,</strong></span> <span class='ocrx_word' id='word_1_107' title='bbox 592 603 635 632; x_wconf 91' lang='lat' dir='ltr'><strong>ut</strong></span> <span class='ocrx_word' id='word_1_108' title='bbox 652 608 742 643; x_wconf 86' lang='lat' dir='ltr'><strong>prae</strong></span> <span class='ocrx_word' id='word_1_109' title='bbox 767 608 919 645; x_wconf 87' lang='lat' dir='ltr'><strong>semper</strong></span> <span class='ocrx_word' id='word_1_110' title='bbox 944 594 1170 634; x_wconf 81' lang='lat' dir='ltr'><strong>brevitatem</strong></span> <span class='ocrx_word' id='word_1_111' title='bbox 1196 594 1399 645; x_wconf 78' lang='lat' dir='ltr'><strong>quandam·</strong></span> <span class='ocrx_word' id='word_1_112' title='bbox 1414 601 1456 632; x_wconf 91' lang='lat' dir='ltr'><strong>et</strong></span> <span class='ocrx_word' id='word_1_113' title='bbox 1479 593 1713 631; x_wconf 75' lang='lat' dir='ltr'><strong>vicinitatem</strong></span> <span class='ocrx_word' id='word_1_114' title='bbox 1737 593 1811 631; x_wconf 88' lang='lat' dir='ltr'><strong>hac</strong></span> <span class='ocrx_word' id='word_1_115' title='bbox 1836 593 1954 632; x_wconf 87' lang='lat' dir='ltr'><strong>etiam</strong></span> <span class='ocrx_word' id='word_1_116' title='bbox 1980 594 2019 632; x_wconf 92' lang='lat' dir='ltr'><strong>in</strong></span> 
     </span>
     <span class='ocr_line' id='line_1_11' title="bbox 114 644 2020 698; baseline -0.003 -12"><span class='ocrx_word' id='word_1_117' title='bbox 114 647 396 698; x_wconf 89' lang='lat' dir='ltr'><strong>compositione</strong></span> <span class='ocrx_word' id='word_1_118' title='bbox 430 652 545 692; x_wconf 81' lang='lat' dir='ltr'><strong>notet,</strong></span> <span class='ocrx_word' id='word_1_119' title='bbox 571 645 692 683; x_wconf 85' lang='lat' dir='ltr'><strong>veluti</strong></span> <span class='ocrx_word' id='word_1_120' title='bbox 712 647 875 694; x_wconf 82' lang='lat' dir='ltr'><strong>praecisa</strong></span> <span class='ocrx_word' id='word_1_121' title='bbox 900 647 1017 694; x_wconf 84' lang='lat' dir='ltr'><strong>oratio</strong></span> <span class='ocrx_word' id='word_1_122' title='bbox 1045 652 1114 694; x_wconf 89' lang='lat' dir='ltr'><strong>est,</strong></span> <span class='ocrx_word' id='word_1_123' title='bbox 1141 644 1208 681; x_wconf 85' lang='lat' dir='ltr'><strong>ubi</strong></span> <span class='ocrx_word' id='word_1_124' title='bbox 1233 647 1355 681; x_wconf 88' lang='lat' dir='ltr'><strong>omnis</strong></span> <span class='ocrx_word' id='word_1_125' title='bbox 1381 644 1589 683; x_wconf 87' lang='lat' dir='ltr'><strong>verborum</strong></span> <span class='ocrx_word' id='word_1_126' title='bbox 1615 644 1764 690; x_wconf 74' lang='lat' dir='ltr'><strong>luxuria</strong></span> <span class='ocrx_word' id='word_1_127' title='bbox 1790 644 1925 681; x_wconf 85' lang='lat' dir='ltr'><strong>stricte</strong></span> <span class='ocrx_word' id='word_1_128' title='bbox 1949 657 2020 694; x_wconf 87' lang='lat' dir='ltr'><strong>pu·</strong></span> 
     </span>
     <span class='ocr_line' id='line_1_12' title="bbox 112 694 2018 746; baseline -0.003 -9"><span class='ocrx_word' id='word_1_129' title='bbox 112 707 190 737; x_wconf 83' lang='lat' dir='ltr'><strong>tata</strong></span> <span class='ocrx_word' id='word_1_130' title='bbox 217 705 287 743; x_wconf 84' lang='lat' dir='ltr'><strong>est,</strong></span> <span class='ocrx_word' id='word_1_131' title='bbox 316 698 501 746; x_wconf 80' lang='lat' dir='ltr'><strong>praecisae</strong></span> <span class='ocrx_word' id='word_1_132' title='bbox 528 709 584 733; x_wconf 85' lang='lat' dir='ltr'><strong>res</strong></span> <span class='ocrx_word' id='word_1_133' title='bbox 614 702 707 735; x_wconf 83' lang='lat' dir='ltr'><strong>sunt=</strong></span> <span class='ocrx_word' id='word_1_134' title='bbox 726 708 787 733; x_wconf 89' lang='lat' dir='ltr'><strong>res</strong></span> <span class='ocrx_word' id='word_1_135' title='bbox 814 703 999 743; x_wconf 60' lang='lat' dir='ltr'><strong>curtante,</strong></span> <span class='ocrx_word' id='word_1_136' title='bbox 1024 696 1224 737; x_wconf 77' lang='lat' dir='ltr'><strong>praefracta</strong></span> <span class='ocrx_word' id='word_1_137' title='bbox 1251 696 1379 744; x_wconf 83' lang='lat' dir='ltr'><strong>cuspis,</strong></span> <span class='ocrx_word' id='word_1_138' title='bbox 1406 695 1545 732; x_wconf 84' lang='lat' dir='ltr'><strong>acriter</strong></span> <span class='ocrx_word' id='word_1_139' title='bbox 1570 694 1707 732; x_wconf 86' lang='lat' dir='ltr'><strong>recisa.</strong></span> <span class='ocrx_word' id='word_1_140' title='bbox 1732 694 1785 732; x_wconf 87' lang='lat' dir='ltr'><strong>ita</strong></span> <span class='ocrx_word' id='word_1_141' title='bbox 1810 694 1927 745; x_wconf 84' lang='lat' dir='ltr'><strong>igitur</strong></span> <span class='ocrx_word' id='word_1_142' title='bbox 1952 694 2018 731; x_wconf 82' lang='lat' dir='ltr'><strong>Ti·</strong></span> 
     </span>
     <span class='ocr_line' id='line_1_13' title="bbox 112 744 2019 795; baseline -0.002 -9"><span class='ocrx_word' id='word_1_143' title='bbox 112 749 217 786; x_wconf 86' lang='lat' dir='ltr'><strong>beris</strong></span> <span class='ocrx_word' id='word_1_144' title='bbox 243 748 393 785; x_wconf 88' lang='lat' dir='ltr'><strong>moenia</strong></span> <span class='ocrx_word' id='word_1_145' title='bbox 414 747 631 795; x_wconf 81' lang='lat' dir='ltr'><strong>praelabitur</strong></span> <span class='ocrx_word' id='word_1_146' title='bbox 656 745 777 790; x_wconf 87' lang='lat' dir='ltr'><strong>urbis,</strong></span> <span class='ocrx_word' id='word_1_147' title='bbox 807 746 832 781; x_wconf 89' lang='lat' dir='ltr'><strong>i.</strong></span> <span class='ocrx_word' id='word_1_148' title='bbox 858 758 891 781; x_wconf 89' lang='lat' dir='ltr'><strong>e.</strong></span> <span class='ocrx_word' id='word_1_149' title='bbox 919 746 973 783; x_wconf 90' lang='lat' dir='ltr'><strong>sie</strong></span> <span class='ocrx_word' id='word_1_150' title='bbox 998 744 1121 782; x_wconf 84' lang='lat' dir='ltr'><strong>ssiesst</strong></span> <span class='ocrx_word' id='word_1_151' title='bbox 1145 746 1255 782; x_wconf 81' lang='lat' dir='ltr'><strong>dicht</strong></span> <span class='ocrx_word' id='word_1_152' title='bbox 1277 758 1351 783; x_wconf 91' lang='lat' dir='ltr'><strong>vor</strong></span> <span class='ocrx_word' id='word_1_153' title='bbox 1377 745 1453 782; x_wconf 88' lang='lat' dir='ltr'><strong>den</strong></span> <span class='ocrx_word' id='word_1_154' title='bbox 1479 746 1640 782; x_wconf 79' lang='lat' dir='ltr'><strong>Mauren</strong></span> <span class='ocrx_word' id='word_1_155' title='bbox 1668 745 1754 791; x_wconf 92' lang='lat' dir='ltr'><strong>hin,</strong></span> <span class='ocrx_word' id='word_1_156' title='bbox 1779 747 1932 782; x_wconf 88' lang='lat' dir='ltr'><strong>moenia</strong></span> <span class='ocrx_word' id='word_1_157' title='bbox 1956 757 2019 782; x_wconf 82' lang='lat' dir='ltr'><strong>ra·</strong></span> 
     </span>
     <span class='ocr_line' id='line_1_14' title="bbox 115 794 2019 847; baseline -0.002 -11"><span class='ocrx_word' id='word_1_158' title='bbox 115 799 183 847; x_wconf 88' lang='lat' dir='ltr'><strong>dit,</strong></span> <span class='ocrx_word' id='word_1_159' title='bbox 213 811 292 836; x_wconf 92' lang='lat' dir='ltr'><strong>non</strong></span> <span class='ocrx_word' id='word_1_160' title='bbox 325 801 454 833; x_wconf 86' lang='lat' dir='ltr'><strong>autem</strong></span> <span class='ocrx_word' id='word_1_161' title='bbox 480 795 765 844; x_wconf 80' lang='lat' dir='ltr'><strong>praeterlabitur3</strong></span> <span class='ocrx_word' id='word_1_162' title='bbox 799 795 852 832; x_wconf 88' lang='lat' dir='ltr'><strong>ita</strong></span> <span class='ocrx_word' id='word_1_163' title='bbox 879 798 1123 834; x_wconf 77' lang='lat' dir='ltr'><strong>Toronaeum</strong></span> <span class='ocrx_word' id='word_1_164' title='bbox 1151 794 1483 846; x_wconf 83' lang='lat' dir='ltr'><strong>Thermaeumque</strong></span> <span class='ocrx_word' id='word_1_165' title='bbox 1508 794 1629 832; x_wconf 89' lang='lat' dir='ltr'><strong>sinum</strong></span> <span class='ocrx_word' id='word_1_166' title='bbox 1653 795 1889 845; x_wconf 80' lang='lat' dir='ltr'><strong>praefestinat</strong></span> <span class='ocrx_word' id='word_1_167' title='bbox 1914 795 2019 845; x_wconf 87' lang='lat' dir='ltr'><strong>Pop-</strong></span> 
     </span>
     <span class='ocr_line' id='line_1_15' title="bbox 111 845 2019 898; baseline -0.002 -13"><span class='ocrx_word' id='word_1_168' title='bbox 111 861 246 898; x_wconf 86' lang='lat' dir='ltr'><strong>paeus,</strong></span> <span class='ocrx_word' id='word_1_169' title='bbox 269 847 294 883; x_wconf 91' lang='lat' dir='ltr'><strong>i.</strong></span> <span class='ocrx_word' id='word_1_170' title='bbox 321 859 354 883; x_wconf 89' lang='lat' dir='ltr'><strong>e.</strong></span> <span class='ocrx_word' id='word_1_171' title='bbox 380 846 608 882; x_wconf 83' lang='lat' dir='ltr'><strong>brevissima</strong></span> <span class='ocrx_word' id='word_1_172' title='bbox 634 846 696 882; x_wconf 89' lang='lat' dir='ltr'><strong>via</strong></span> <span class='ocrx_word' id='word_1_173' title='bbox 721 846 844 881; x_wconf 91' lang='lat' dir='ltr'><strong>sinum</strong></span> <span class='ocrx_word' id='word_1_174' title='bbox 872 846 1026 895; x_wconf 84' lang='lat' dir='ltr'><strong>stringit</strong></span> <span class='ocrx_word' id='word_1_175' title='bbox 1049 845 1252 893; x_wconf 84' lang='lat' dir='ltr'><strong>festinans3</strong></span> <span class='ocrx_word' id='word_1_176' title='bbox 1283 846 1335 893; x_wconf 81' lang='lat' dir='ltr'><strong>ita</strong></span> <span class='ocrx_word' id='word_1_177' title='bbox 1357 846 1602 894; x_wconf 71' lang='lat' dir='ltr'><strong>praevehimur</strong></span> <span class='ocrx_word' id='word_1_178' title='bbox 1626 845 1753 891; x_wconf 89' lang='lat' dir='ltr'><strong>litora,</strong></span> <span class='ocrx_word' id='word_1_179' title='bbox 1781 858 1898 896; x_wconf 86' lang='lat' dir='ltr'><strong>quum</strong></span> <span class='ocrx_word' id='word_1_180' title='bbox 1924 845 2019 895; x_wconf 84' lang='lat' dir='ltr'><strong>legi-</strong></span> 
     </span>
     <span class='ocr_line' id='line_1_16' title="bbox 110 895 2018 947; baseline -0.002 -11"><span class='ocrx_word' id='word_1_181' title='bbox 110 911 208 945; x_wconf 89' lang='lat' dir='ltr'><strong>mus,</strong></span> <span class='ocrx_word' id='word_1_182' title='bbox 227 898 537 947; x_wconf 73' lang='lat' dir='ltr'><strong>praetervehimur,</strong></span> <span class='ocrx_word' id='word_1_183' title='bbox 563 908 682 947; x_wconf 81' lang='lat' dir='ltr'><strong>quum</strong></span> <span class='ocrx_word' id='word_1_184' title='bbox 705 903 923 933; x_wconf 89' lang='lat' dir='ltr'><strong>transverso</strong></span> <span class='ocrx_word' id='word_1_185' title='bbox 936 902 1045 932; x_wconf 88' lang='lat' dir='ltr'><strong>motu</strong></span> <span class='ocrx_word' id='word_1_186' title='bbox 1070 907 1146 932; x_wconf 89' lang='lat' dir='ltr'><strong>non</strong></span> <span class='ocrx_word' id='word_1_187' title='bbox 1159 895 1388 946; x_wconf 85' lang='lat' dir='ltr'><strong>attingentes</strong></span> <span class='ocrx_word' id='word_1_188' title='bbox 1410 907 1457 931; x_wconf 87' lang='lat' dir='ltr'><strong>ea</strong></span> <span class='ocrx_word' id='word_1_189' title='bbox 1477 902 1567 944; x_wconf 89' lang='lat' dir='ltr'><strong>post</strong></span> <span class='ocrx_word' id='word_1_190' title='bbox 1590 907 1659 933; x_wconf 89' lang='lat' dir='ltr'><strong>nos</strong></span> <span class='ocrx_word' id='word_1_191' title='bbox 1673 895 1946 946; x_wconf 86' lang='lat' dir='ltr'><strong>relinquimus3</strong></span> <span class='ocrx_word' id='word_1_192' title='bbox 1973 903 2018 932; x_wconf 90' lang='lat' dir='ltr'><strong>ut</strong></span> 
     </span>
     <span class='ocr_line' id='line_1_17' title="bbox 112 945 2018 995; baseline -0.001 -11"><span class='ocrx_word' id='word_1_193' title='bbox 112 949 267 985; x_wconf 90' lang='lat' dir='ltr'><strong>omnino</strong></span> <span class='ocrx_word' id='word_1_194' title='bbox 294 956 439 995; x_wconf 83' lang='lat' dir='ltr'><strong>praeter</strong></span> <span class='ocrx_word' id='word_1_195' title='bbox 470 953 530 982; x_wconf 88' lang='lat' dir='ltr'><strong>est</strong></span> <span class='ocrx_word' id='word_1_196' title='bbox 559 947 623 983; x_wconf 86' lang='lat' dir='ltr'><strong>vel</strong></span> <span class='ocrx_word' id='word_1_197' title='bbox 653 946 852 981; x_wconf 88' lang='lat' dir='ltr'><strong>immotum</strong></span> <span class='ocrx_word' id='word_1_198' title='bbox 886 946 950 982; x_wconf 78' lang='lat' dir='ltr'><strong>vel</strong></span> <span class='ocrx_word' id='word_1_199' title='bbox 982 946 1107 982; x_wconf 88' lang='lat' dir='ltr'><strong>minus</strong></span> <span class='ocrx_word' id='word_1_200' title='bbox 1140 945 1319 982; x_wconf 87' lang='lat' dir='ltr'><strong>celeriter</strong></span> <span class='ocrx_word' id='word_1_201' title='bbox 1343 953 1488 981; x_wconf 88' lang='lat' dir='ltr'><strong>motum</strong></span> <span class='ocrx_word' id='word_1_202' title='bbox 1515 957 1631 981; x_wconf 89' lang='lat' dir='ltr'><strong>cursu</strong></span> <span class='ocrx_word' id='word_1_203' title='bbox 1657 956 1844 994; x_wconf 83' lang='lat' dir='ltr'><strong>superare</strong></span> <span class='ocrx_word' id='word_1_204' title='bbox 1870 953 1910 983; x_wconf 88' lang='lat' dir='ltr'><strong>et</strong></span> <span class='ocrx_word' id='word_1_205' title='bbox 1926 956 2018 994; x_wconf 80' lang='lat' dir='ltr'><strong>post</strong></span> 
     </span>
     <span class='ocr_line' id='line_1_18' title="bbox 111 994 2018 1046; baseline -0.002 -11"><span class='ocrx_word' id='word_1_206' title='bbox 111 1010 150 1035; x_wconf 82' lang='lat' dir='ltr'><strong>se</strong></span> <span class='ocrx_word' id='word_1_207' title='bbox 174 998 375 1045; x_wconf 77' lang='lat' dir='ltr'><strong>relinquere,</strong></span> <span class='ocrx_word' id='word_1_208' title='bbox 409 995 450 1032; x_wconf 91' lang='lat' dir='ltr'><strong>id</strong></span> <span class='ocrx_word' id='word_1_209' title='bbox 477 995 581 1046; x_wconf 85' lang='lat' dir='ltr'><strong>quod</strong></span> <span class='ocrx_word' id='word_1_210' title='bbox 606 995 646 1031; x_wconf 90' lang='lat' dir='ltr'><strong>in</strong></span> <span class='ocrx_word' id='word_1_211' title='bbox 677 1006 770 1044; x_wconf 91' lang='lat' dir='ltr'><strong>prae</strong></span> <span class='ocrx_word' id='word_1_212' title='bbox 800 994 970 1032; x_wconf 72' lang='lat' dir='ltr'><strong>ositione&#39;</strong></span> <span class='ocrx_word' id='word_1_213' title='bbox 982 1007 1072 1043; x_wconf 80' lang='lat' dir='ltr'><strong>prae</strong></span> <span class='ocrx_word' id='word_1_214' title='bbox 1096 996 1161 1031; x_wconf 83' lang='lat' dir='ltr'><strong>aut</strong></span> <span class='ocrx_word' id='word_1_215' title='bbox 1184 994 1300 1044; x_wconf 85' lang='lat' dir='ltr'><strong>plane</strong></span> <span class='ocrx_word' id='word_1_216' title='bbox 1325 994 1541 1040; x_wconf 81' lang='lat' dir='ltr'><strong>omittitur,</strong></span> <span class='ocrx_word' id='word_1_217' title='bbox 1572 1001 1636 1032; x_wconf 90' lang='lat' dir='ltr'><strong>aut</strong></span> <span class='ocrx_word' id='word_1_218' title='bbox 1662 1006 1757 1031; x_wconf 87' lang='lat' dir='ltr'><strong>casu</strong></span> <span class='ocrx_word' id='word_1_219' title='bbox 1780 1002 1929 1031; x_wconf 89' lang='lat' dir='ltr'><strong>tantum</strong></span> <span class='ocrx_word' id='word_1_220' title='bbox 1954 1007 2018 1032; x_wconf 86' lang='lat' dir='ltr'><strong>ac-</strong></span> 
     </span>
     <span class='ocr_line' id='line_1_19' title="bbox 112 1008 2019 1095; baseline -0.002 -10"><span class='ocrx_word' id='word_1_221' title='bbox 112 1048 226 1085; x_wconf 88' lang='lat' dir='ltr'><strong>cedit.</strong></span> <span class='ocrx_word' id='word_1_222' title='bbox 259 1048 366 1085; x_wconf 85' lang='lat' dir='ltr'><strong>velut</strong></span> <span class='ocrx_word' id='word_1_223' title='bbox 400 1058 492 1083; x_wconf 90' lang='lat' dir='ltr'><strong>casu</strong></span> <span class='ocrx_word' id='word_1_224' title='bbox 517 1045 577 1095; x_wconf 89' lang='lat' dir='ltr'><strong>fit,</strong></span> <span class='ocrx_word' id='word_1_225' title='bbox 611 1045 643 1082; x_wconf 91' lang='lat' dir='ltr'><strong>si</strong></span> <span class='ocrx_word' id='word_1_226' title='bbox 667 1008 941 1095; x_wconf 54' lang='lat' dir='ltr'><strong>praeliistinans</strong></span> <span class='ocrx_word' id='word_1_227' title='bbox 974 1045 1098 1082; x_wconf 81' lang='lat' dir='ltr'><strong>sinum</strong></span> <span class='ocrx_word' id='word_1_228' title='bbox 1117 1045 1324 1094; x_wconf 80' lang='lat' dir='ltr'><strong>Poppaeus</strong></span> <span class='ocrx_word' id='word_1_229' title='bbox 1348 1044 1452 1082; x_wconf 91' lang='lat' dir='ltr'><strong>idem</strong></span> <span class='ocrx_word' id='word_1_230' title='bbox 1476 1044 1786 1095; x_wconf 68' lang='lat' dir='ltr'><strong>praetervehitur</strong></span> <span class='ocrx_word' id='word_1_231' title='bbox 1823 1045 1846 1081; x_wconf 92' lang='lat' dir='ltr'><strong>i.</strong></span> <span class='ocrx_word' id='word_1_232' title='bbox 1872 1056 1906 1081; x_wconf 90' lang='lat' dir='ltr'><strong>e.</strong></span> <span class='ocrx_word' id='word_1_233' title='bbox 1931 1056 2019 1082; x_wconf 87' lang='lat' dir='ltr'><strong>cur-</strong></span> 
     </span>
     <span class='ocr_line' id='line_1_20' title="bbox 112 1095 2019 1147; baseline -0.001 -12"><span class='ocrx_word' id='word_1_234' title='bbox 112 1111 161 1135; x_wconf 90' lang='lat' dir='ltr'><strong>su</strong></span> <span class='ocrx_word' id='word_1_235' title='bbox 192 1097 395 1147; x_wconf 85' lang='lat' dir='ltr'><strong>relinquit;</strong></span> <span class='ocrx_word' id='word_1_236' title='bbox 426 1096 561 1132; x_wconf 90' lang='lat' dir='ltr'><strong>eodem</strong></span> <span class='ocrx_word' id='word_1_237' title='bbox 599 1096 699 1132; x_wconf 90' lang='lat' dir='ltr'><strong>enim</strong></span> <span class='ocrx_word' id='word_1_238' title='bbox 731 1095 854 1133; x_wconf 86' lang='lat' dir='ltr'><strong>verbo</strong></span> <span class='ocrx_word' id='word_1_239' title='bbox 873 1109 1029 1132; x_wconf 76' lang='lat' dir='ltr'><strong>vusurus</strong></span> <span class='ocrx_word' id='word_1_240' title='bbox 1055 1102 1158 1132; x_wconf 84' lang='lat' dir='ltr'><strong>esset</strong></span> <span class='ocrx_word' id='word_1_241' title='bbox 1183 1095 1352 1141; x_wconf 77' lang='lat' dir='ltr'><strong>Tacitus,</strong></span> <span class='ocrx_word' id='word_1_242' title='bbox 1382 1096 1414 1132; x_wconf 90' lang='lat' dir='ltr'><strong>si</strong></span> <span class='ocrx_word' id='word_1_243' title='bbox 1439 1103 1669 1144; x_wconf 86' lang='lat' dir='ltr'><strong>praevectus</strong></span> <span class='ocrx_word' id='word_1_244' title='bbox 1699 1107 1774 1131; x_wconf 92' lang='lat' dir='ltr'><strong>eun</strong></span> <span class='ocrx_word' id='word_1_245' title='bbox 1803 1108 1873 1136; x_wconf 76' lang='lat' dir='ltr'><strong>em</strong></span> <span class='ocrx_word' id='word_1_246' title='bbox 1890 1096 2019 1133; x_wconf 89' lang='lat' dir='ltr'><strong>statim</strong></span> 
     </span>
     <span class='ocr_line' id='line_1_21' title="bbox 112 1144 2018 1197; baseline -0.002 -11"><span class='ocrx_word' id='word_1_247' title='bbox 112 1159 270 1186; x_wconf 85' lang='lat' dir='ltr'><strong>cursum</strong></span> <span class='ocrx_word' id='word_1_248' title='bbox 294 1146 591 1184; x_wconf 78' lang='lat' dir='ltr'><strong>retractavisset.</strong></span> <span class='ocrx_word' id='word_1_249' title='bbox 642 1145 744 1183; x_wconf 88' lang='lat' dir='ltr'><strong>Hinc</strong></span> <span class='ocrx_word' id='word_1_250' title='bbox 775 1145 851 1182; x_wconf 91' lang='lat' dir='ltr'><strong>iam</strong></span> <span class='ocrx_word' id='word_1_251' title='bbox 881 1152 992 1196; x_wconf 74' lang='lat' dir='ltr'><strong>patet</strong></span> <span class='ocrx_word' id='word_1_252' title='bbox 1013 1147 1180 1195; x_wconf 77' lang='lat' dir='ltr'><strong>praevisa</strong></span> <span class='ocrx_word' id='word_1_253' title='bbox 1204 1157 1330 1196; x_wconf 89' lang='lat' dir='ltr'><strong>neque</strong></span> <span class='ocrx_word' id='word_1_254' title='bbox 1353 1144 1420 1182; x_wconf 89' lang='lat' dir='ltr'><strong>hic</strong></span> <span class='ocrx_word' id='word_1_255' title='bbox 1446 1157 1527 1183; x_wconf 84' lang='lat' dir='ltr'><strong>esse</strong></span> <span class='ocrx_word' id='word_1_256' title='bbox 1551 1158 1627 1183; x_wconf 89' lang='lat' dir='ltr'><strong>non</strong></span> <span class='ocrx_word' id='word_1_257' title='bbox 1651 1147 1738 1194; x_wconf 77' lang='lat' dir='ltr'><strong>visa,</strong></span> <span class='ocrx_word' id='word_1_258' title='bbox 1762 1157 1888 1197; x_wconf 88' lang='lat' dir='ltr'><strong>neque</strong></span> <span class='ocrx_word' id='word_1_259' title='bbox 1915 1146 2018 1196; x_wconf 84' lang='lat' dir='ltr'><strong>apud</strong></span> 
     </span>
     <span class='ocr_line' id='line_1_22' title="bbox 110 1194 2017 1248; baseline -0.001 -13"><span class='ocrx_word' id='word_1_260' title='bbox 110 1199 248 1247; x_wconf 61' lang='lat' dir='ltr'><strong>Horat,</strong></span> <span class='ocrx_word' id='word_1_261' title='bbox 299 1198 378 1234; x_wconf 88' lang='lat' dir='ltr'><strong>Sat.</strong></span> <span class='ocrx_word' id='word_1_262' title='bbox 407 1199 439 1242; x_wconf 84' lang='lat'><strong>1,</strong></span> <span class='ocrx_word' id='word_1_263' title='bbox 465 1198 490 1235; x_wconf 83' lang='lat'><strong>3</strong></span> <span class='ocrx_word' id='word_1_264' title='bbox 510 1197 690 1245; x_wconf 81' lang='lat' dir='ltr'><strong>pervidere</strong></span> <span class='ocrx_word' id='word_1_265' title='bbox 714 1208 826 1245; x_wconf 88' lang='lat' dir='ltr'><strong>posse</strong></span> <span class='ocrx_word' id='word_1_266' title='bbox 851 1196 990 1233; x_wconf 89' lang='lat' dir='ltr'><strong>mutari</strong></span> <span class='ocrx_word' id='word_1_267' title='bbox 1014 1197 1053 1232; x_wconf 91' lang='lat' dir='ltr'><strong>in</strong></span> <span class='ocrx_word' id='word_1_268' title='bbox 1071 1198 1287 1245; x_wconf 76' lang='lat' dir='ltr'><strong>praevidere,</strong></span> <span class='ocrx_word' id='word_1_269' title='bbox 1312 1204 1355 1233; x_wconf 91' lang='lat' dir='ltr'><strong>ut</strong></span> <span class='ocrx_word' id='word_1_270' title='bbox 1379 1194 1474 1233; x_wconf 83' lang='lat' dir='ltr'><strong>fecit</strong></span> <span class='ocrx_word' id='word_1_271' title='bbox 1496 1196 1706 1242; x_wconf 87' lang='lat' dir='ltr'><strong>Bentleius,</strong></span> <span class='ocrx_word' id='word_1_272' title='bbox 1732 1196 1821 1248; x_wconf 89' lang='lat' dir='ltr'><strong>quia</strong></span> <span class='ocrx_word' id='word_1_273' title='bbox 1849 1204 2017 1248; x_wconf 84' lang='lat' dir='ltr'><strong>utroque</strong></span> 
     </span>
     <span class='ocr_line' id='line_1_23' title="bbox 112 1246 2016 1297; baseline -0.001 -12"><span class='ocrx_word' id='word_1_274' title='bbox 112 1249 154 1285; x_wconf 89' lang='lat' dir='ltr'><strong>in</strong></span> <span class='ocrx_word' id='word_1_275' title='bbox 175 1249 265 1286; x_wconf 91' lang='lat' dir='ltr'><strong>loco</strong></span> <span class='ocrx_word' id='word_1_276' title='bbox 293 1246 666 1296; x_wconf 39' lang='lat' dir='ltr'><strong>relinquishic-vitia,</strong></span> <span class='ocrx_word' id='word_1_277' title='bbox 690 1246 770 1283; x_wconf 88' lang='lat' dir='ltr'><strong>illic</strong></span> <span class='ocrx_word' id='word_1_278' title='bbox 796 1246 1011 1294; x_wconf 85' lang='lat' dir='ltr'><strong>utilitatem,</strong></span> <span class='ocrx_word' id='word_1_279' title='bbox 1035 1246 1145 1283; x_wconf 90' lang='lat' dir='ltr'><strong>unice</strong></span> <span class='ocrx_word' id='word_1_280' title='bbox 1168 1254 1348 1297; x_wconf 83' lang='lat' dir='ltr'><strong>urgetur,</strong></span> <span class='ocrx_word' id='word_1_281' title='bbox 1371 1259 1449 1282; x_wconf 86' lang='lat' dir='ltr'><strong>non</strong></span> <span class='ocrx_word' id='word_1_282' title='bbox 1477 1258 1569 1283; x_wconf 89' lang='lat' dir='ltr'><strong>casu</strong></span> <span class='ocrx_word' id='word_1_283' title='bbox 1595 1247 1757 1284; x_wconf 89' lang='lat' dir='ltr'><strong>accedit.</strong></span> <span class='ocrx_word' id='word_1_284' title='bbox 1799 1247 1922 1284; x_wconf 84' lang='lat' dir='ltr'><strong>Causa</strong></span> <span class='ocrx_word' id='word_1_285' title='bbox 1952 1259 2016 1285; x_wconf 88' lang='lat' dir='ltr'><strong>ve-</strong></span> 
     </span>
     <span class='ocr_line' id='line_1_24' title="bbox 111 1295 2017 1353; baseline -0.001 -18"><span class='ocrx_word' id='word_1_286' title='bbox 111 1310 172 1347; x_wconf 91' lang='lat' dir='ltr'><strong>ro,</strong></span> <span class='ocrx_word' id='word_1_287' title='bbox 196 1310 266 1334; x_wconf 89' lang='lat' dir='ltr'><strong>cur</strong></span> <span class='ocrx_word' id='word_1_288' title='bbox 291 1298 329 1334; x_wconf 92' lang='lat' dir='ltr'><strong>in</strong></span> <span class='ocrx_word' id='word_1_289' title='bbox 356 1309 401 1333; x_wconf 92' lang='lat' dir='ltr'><strong>re</strong></span> <span class='ocrx_word' id='word_1_290' title='bbox 423 1297 514 1333; x_wconf 87' lang='lat' dir='ltr'><strong>satis</strong></span> <span class='ocrx_word' id='word_1_291' title='bbox 540 1304 672 1344; x_wconf 83' lang='lat' dir='ltr'><strong>aperta</strong></span> <span class='ocrx_word' id='word_1_292' title='bbox 694 1295 847 1332; x_wconf 75' lang='lat' dir='ltr'><strong>haer-eri</strong></span> <span class='ocrx_word' id='word_1_293' title='bbox 872 1296 1005 1345; x_wconf 85' lang='lat' dir='ltr'><strong>soleat,</strong></span> <span class='ocrx_word' id='word_1_294' title='bbox 1036 1296 1109 1331; x_wconf 86' lang='lat' dir='ltr'><strong>nisi</strong></span> <span class='ocrx_word' id='word_1_295' title='bbox 1144 1295 1272 1353; x_wconf 87' lang='lat' dir='ltr'><strong>fallor,</strong></span> <span class='ocrx_word' id='word_1_296' title='bbox 1303 1296 1343 1331; x_wconf 92' lang='lat' dir='ltr'><strong>in</strong></span> <span class='ocrx_word' id='word_1_297' title='bbox 1369 1308 1416 1333; x_wconf 92' lang='lat' dir='ltr'><strong>eo</strong></span> <span class='ocrx_word' id='word_1_298' title='bbox 1442 1296 1662 1346; x_wconf 82' lang='lat' dir='ltr'><strong>quaerenda</strong></span> <span class='ocrx_word' id='word_1_299' title='bbox 1687 1304 1759 1345; x_wconf 89' lang='lat' dir='ltr'><strong>est,</strong></span> <span class='ocrx_word' id='word_1_300' title='bbox 1785 1297 1891 1347; x_wconf 89' lang='lat' dir='ltr'><strong>quod</strong></span> <span class='ocrx_word' id='word_1_301' title='bbox 1915 1297 2017 1335; x_wconf 87' lang='lat' dir='ltr'><strong>utili-</strong></span> 
     </span>
     <span class='ocr_line' id='line_1_25' title="bbox 111 1344 2018 1401; baseline -0.001 -16"><span class='ocrx_word' id='word_1_302' title='bbox 111 1355 169 1386; x_wconf 83' lang='lat' dir='ltr'><strong>tas</strong></span> <span class='ocrx_word' id='word_1_303' title='bbox 195 1348 302 1385; x_wconf 54' lang='lat' dir='ltr'><strong>wisa·</strong></span> <span class='ocrx_word' id='word_1_304' title='bbox 317 1346 471 1392; x_wconf 83' lang='lat' dir='ltr'><strong>di&#39;citur,</strong></span> <span class='ocrx_word' id='word_1_305' title='bbox 501 1358 619 1396; x_wconf 91' lang='lat' dir='ltr'><strong>quum</strong></span> <span class='ocrx_word' id='word_1_306' title='bbox 652 1352 780 1382; x_wconf 90' lang='lat' dir='ltr'><strong>tamen</strong></span> <span class='ocrx_word' id='word_1_307' title='bbox 815 1344 872 1380; x_wconf 86' lang='lat' dir='ltr'><strong>illi</strong></span> <span class='ocrx_word' id='word_1_308' title='bbox 903 1345 1104 1382; x_wconf 81' lang='lat' dir='ltr'><strong>utilitatem</strong></span> <span class='ocrx_word' id='word_1_309' title='bbox 1129 1357 1208 1381; x_wconf 91' lang='lat' dir='ltr'><strong>non</strong></span> <span class='ocrx_word' id='word_1_310' title='bbox 1233 1344 1427 1382; x_wconf 75' lang='lat' dir='ltr'><strong>vidissent.</strong></span> <span class='ocrx_word' id='word_1_311' title='bbox 1478 1345 1603 1401; x_wconf 79' lang='lat' dir='ltr'><strong>Quem</strong></span> <span class='ocrx_word' id='word_1_312' title='bbox 1627 1346 1848 1395; x_wconf 85' lang='lat' dir='ltr'><strong>scrupulum</strong></span> <span class='ocrx_word' id='word_1_313' title='bbox 1872 1347 1926 1383; x_wconf 82' lang='lat' dir='ltr'><strong>ita</strong></span> <span class='ocrx_word' id='word_1_314' title='bbox 1951 1347 2018 1383; x_wconf 87' lang='lat' dir='ltr'><strong>ali-</strong></span> 
     </span>
     <span class='ocr_line' id='line_1_26' title="bbox 112 1394 2018 1448; baseline 0 -14"><span class='ocrx_word' id='word_1_315' title='bbox 112 1398 200 1448; x_wconf 88' lang='lat' dir='ltr'><strong>quis</strong></span> <span class='ocrx_word' id='word_1_316' title='bbox 233 1397 349 1434; x_wconf 87' lang='lat' dir='ltr'><strong>facile</strong></span> <span class='ocrx_word' id='word_1_317' title='bbox 381 1397 533 1441; x_wconf 84' lang='lat' dir='ltr'><strong>eximat,</strong></span> <span class='ocrx_word' id='word_1_318' title='bbox 565 1403 609 1432; x_wconf 90' lang='lat' dir='ltr'><strong>ut</strong></span> <span class='ocrx_word' id='word_1_319' title='bbox 637 1397 750 1432; x_wconf 79' lang='lat' dir='ltr'><strong>videre</strong></span> <span class='ocrx_word' id='word_1_320' title='bbox 781 1395 883 1432; x_wconf 88' lang='lat' dir='ltr'><strong>dicat</strong></span> <span class='ocrx_word' id='word_1_321' title='bbox 900 1408 1014 1439; x_wconf 62' lang='lat' dir='ltr'><strong>:nunc</strong></span> <span class='ocrx_word' id='word_1_322' title='bbox 1044 1407 1125 1433; x_wconf 87' lang='lat' dir='ltr'><strong>esse</strong></span> <span class='ocrx_word' id='word_1_323' title='bbox 1158 1397 1341 1444; x_wconf 76' lang='lat' dir='ltr'><strong>inquirere.</strong></span> <span class='ocrx_word' id='word_1_324' title='bbox 1393 1394 1471 1432; x_wconf 85' lang='lat' dir='ltr'><strong>Sed</strong></span> <span class='ocrx_word' id='word_1_325' title='bbox 1505 1408 1590 1433; x_wconf 90' lang='lat' dir='ltr'><strong>eum</strong></span> <span class='ocrx_word' id='word_1_326' title='bbox 1621 1394 1736 1433; x_wconf 88' lang='lat' dir='ltr'><strong>huius</strong></span> <span class='ocrx_word' id='word_1_327' title='bbox 1766 1395 1877 1433; x_wconf 89' lang='lat' dir='ltr'><strong>verbi</strong></span> <span class='ocrx_word' id='word_1_328' title='bbox 1905 1409 2018 1434; x_wconf 88' lang='lat' dir='ltr'><strong>usum</strong></span> 
     </span>
     <span class='ocr_line' id='line_1_27' title="bbox 111 1445 2016 1494; baseline 0.001 -12"><span class='ocrx_word' id='word_1_329' title='bbox 111 1454 190 1482; x_wconf 87' lang='lat' dir='ltr'><strong>tam</strong></span> <span class='ocrx_word' id='word_1_330' title='bbox 216 1453 350 1482; x_wconf 90' lang='lat' dir='ltr'><strong>notum</strong></span> <span class='ocrx_word' id='word_1_331' title='bbox 376 1457 453 1481; x_wconf 90' lang='lat' dir='ltr'><strong>non</strong></span> <span class='ocrx_word' id='word_1_332' title='bbox 479 1445 658 1493; x_wconf 89' lang='lat' dir='ltr'><strong>profecto</strong></span> <span class='ocrx_word' id='word_1_333' title='bbox 683 1445 922 1494; x_wconf 85' lang='lat' dir='ltr'><strong>ignoravisse</strong></span> <span class='ocrx_word' id='word_1_334' title='bbox 948 1445 1040 1481; x_wconf 87' lang='lat' dir='ltr'><strong>alius</strong></span> <span class='ocrx_word' id='word_1_335' title='bbox 1065 1445 1294 1493; x_wconf 90' lang='lat' dir='ltr'><strong>respondeat</strong></span> <span class='ocrx_word' id='word_1_336' title='bbox 1328 1445 1436 1482; x_wconf 91' lang='lat' dir='ltr'><strong>vi10s</strong></span> <span class='ocrx_word' id='word_1_337' title='bbox 1470 1453 1547 1482; x_wconf 87' lang='lat' dir='ltr'><strong>tam</strong></span> <span class='ocrx_word' id='word_1_338' title='bbox 1574 1446 1730 1490; x_wconf 92' lang='lat' dir='ltr'><strong>doctos,</strong></span> <span class='ocrx_word' id='word_1_339' title='bbox 1764 1447 1833 1482; x_wconf 89' lang='lat' dir='ltr'><strong>sed</strong></span> <span class='ocrx_word' id='word_1_340' title='bbox 1858 1447 2016 1484; x_wconf 87' lang='lat' dir='ltr'><strong>eosdem</strong></span> 
     </span>
     <span class='ocr_line' id='line_1_28' title="bbox 110 1494 2017 1545; baseline 0.001 -11"><span class='ocrx_word' id='word_1_341' title='bbox 110 1496 262 1534; x_wconf 90' lang='lat' dir='ltr'><strong>novisse</strong></span> <span class='ocrx_word' id='word_1_342' title='bbox 294 1507 378 1532; x_wconf 88' lang='lat' dir='ltr'><strong>eam</strong></span> <span class='ocrx_word' id='word_1_343' title='bbox 409 1496 605 1536; x_wconf 83' lang='lat' dir='ltr'><strong>notionem</strong></span> <span class='ocrx_word' id='word_1_344' title='bbox 639 1506 715 1532; x_wconf 91' lang='lat' dir='ltr'><strong>non</strong></span> <span class='ocrx_word' id='word_1_345' title='bbox 749 1494 787 1531; x_wconf 90' lang='lat' dir='ltr'><strong>in</strong></span> <span class='ocrx_word' id='word_1_346' title='bbox 822 1495 979 1545; x_wconf 87' lang='lat' dir='ltr'><strong>quaevis</strong></span> <span class='ocrx_word' id='word_1_347' title='bbox 1013 1494 1096 1532; x_wconf 90' lang='lat' dir='ltr'><strong>eius</strong></span> <span class='ocrx_word' id='word_1_348' title='bbox 1130 1494 1243 1532; x_wconf 86' lang='lat' dir='ltr'><strong>verbi</strong></span> <span class='ocrx_word' id='word_1_349' title='bbox 1275 1501 1451 1544; x_wconf 85' lang='lat' dir='ltr'><strong>tempora</strong></span> <span class='ocrx_word' id='word_1_350' title='bbox 1486 1494 1638 1531; x_wconf 88' lang='lat' dir='ltr'><strong>cadere.</strong></span> <span class='ocrx_word' id='word_1_351' title='bbox 1691 1495 1787 1532; x_wconf 88' lang='lat' dir='ltr'><strong>Nam</strong></span> <span class='ocrx_word' id='word_1_352' title='bbox 1813 1495 1913 1533; x_wconf 85' lang='lat' dir='ltr'><strong>nihil</strong></span> <span class='ocrx_word' id='word_1_353' title='bbox 1937 1508 2017 1535; x_wconf 88' lang='lat' dir='ltr'><strong>esse</strong></span> 
     </span>
     <span class='ocr_line' id='line_1_29' title="bbox 110 1544 2064 1596; baseline 0.001 -14"><span class='ocrx_word' id='word_1_354' title='bbox 110 1558 232 1596; x_wconf 89' lang='lat' dir='ltr'><strong>neque</strong></span> <span class='ocrx_word' id='word_1_355' title='bbox 264 1544 503 1596; x_wconf 80' lang='lat' dir='ltr'><strong>frequentius</strong></span> <span class='ocrx_word' id='word_1_356' title='bbox 531 1558 615 1590; x_wconf 86' lang='lat' dir='ltr'><strong>usu,</strong></span> <span class='ocrx_word' id='word_1_357' title='bbox 644 1556 771 1594; x_wconf 85' lang='lat' dir='ltr'><strong>neque</strong></span> <span class='ocrx_word' id='word_1_358' title='bbox 800 1551 1008 1593; x_wconf 81' lang='lat' dir='ltr'><strong>perspectu</strong></span> <span class='ocrx_word' id='word_1_359' title='bbox 1038 1544 1204 1593; x_wconf 85' lang='lat' dir='ltr'><strong>facilius,</strong></span> <span class='ocrx_word' id='word_1_360' title='bbox 1234 1557 1351 1594; x_wconf 87' lang='lat' dir='ltr'><strong>quam</strong></span> <span class='ocrx_word' id='word_1_361' title='bbox 1378 1544 1497 1582; x_wconf 84' lang='lat' dir='ltr'><strong>haec:</strong></span> <span class='ocrx_word' id='word_1_362' title='bbox 1522 1545 1838 1595; x_wconf 53' lang='lat' dir='ltr'><strong>Primumffgitur</strong></span> <span class='ocrx_word' id='word_1_363' title='bbox 1863 1546 1921 1584; x_wconf 86' lang='lat' dir='ltr'><strong>rei</strong></span> <span class='ocrx_word' id='word_1_364' title='bbox 1945 1546 2015 1584; x_wconf 89' lang='lat' dir='ltr'><strong>ho-</strong></span> <span class='ocrx_word' id='word_1_365' title='bbox 2060 1570 2064 1571; x_wconf 33' lang='grc' dir='ltr'><em>ν</em></span> 
     </span>
     <span class='ocr_line' id='line_1_30' title="bbox 110 1594 2015 1648; baseline 0.001 -14"><span class='ocrx_word' id='word_1_366' title='bbox 110 1603 298 1634; x_wconf 82' lang='lat' dir='ltr'><strong>nestatem</strong></span> <span class='ocrx_word' id='word_1_367' title='bbox 329 1596 537 1641; x_wconf 83' lang='lat' dir='ltr'><strong>videamus,</strong></span> <span class='ocrx_word' id='word_1_368' title='bbox 568 1595 643 1640; x_wconf 85' lang='lat' dir='ltr'><strong>vel,</strong></span> <span class='ocrx_word' id='word_1_369' title='bbox 677 1602 764 1640; x_wconf 85' lang='lat' dir='ltr'><strong>ante</strong></span> <span class='ocrx_word' id='word_1_370' title='bbox 794 1594 921 1631; x_wconf 89' lang='lat' dir='ltr'><strong>omnia</strong></span> <span class='ocrx_word' id='word_1_371' title='bbox 947 1601 1070 1632; x_wconf 86' lang='lat' dir='ltr'><strong>autem</strong></span> <span class='ocrx_word' id='word_1_372' title='bbox 1095 1594 1154 1631; x_wconf 90' lang='lat' dir='ltr'><strong>rei</strong></span> <span class='ocrx_word' id='word_1_373' title='bbox 1179 1594 1383 1631; x_wconf 87' lang='lat' dir='ltr'><strong>utilitatem</strong></span> <span class='ocrx_word' id='word_1_374' title='bbox 1414 1594 1547 1632; x_wconf 88' lang='lat' dir='ltr'><strong>videre</strong></span> <span class='ocrx_word' id='word_1_375' title='bbox 1579 1603 1750 1645; x_wconf 85' lang='lat' dir='ltr'><strong>oportet3</strong></span> <span class='ocrx_word' id='word_1_376' title='bbox 1775 1596 1845 1634; x_wconf 89' lang='lat' dir='ltr'><strong>sed</strong></span> <span class='ocrx_word' id='word_1_377' title='bbox 1871 1597 1903 1633; x_wconf 88' lang='lat' dir='ltr'><strong>si</strong></span> <span class='ocrx_word' id='word_1_378' title='bbox 1930 1598 2015 1648; x_wconf 88' lang='lat' dir='ltr'><strong>quis</strong></span> 
     </span>
     <span class='ocr_line' id='line_1_31' title="bbox 110 1644 2017 1696; baseline 0.001 -13"><span class='ocrx_word' id='word_1_379' title='bbox 110 1648 148 1684; x_wconf 88' lang='lat' dir='ltr'><strong>le</strong></span> <span class='ocrx_word' id='word_1_380' title='bbox 178 1654 228 1694; x_wconf 82' lang='lat' dir='ltr'><strong>at,</strong></span> <span class='ocrx_word' id='word_1_381' title='bbox 258 1648 343 1683; x_wconf 80' lang='lat' dir='ltr'><strong>vidit</strong></span> <span class='ocrx_word' id='word_1_382' title='bbox 375 1646 455 1682; x_wconf 90' lang='lat' dir='ltr'><strong>eius</strong></span> <span class='ocrx_word' id='word_1_383' title='bbox 486 1645 632 1682; x_wconf 88' lang='lat' dir='ltr'><strong>itineris</strong></span> <span class='ocrx_word' id='word_1_384' title='bbox 664 1644 931 1681; x_wconf 84' lang='lat' dir='ltr'><strong>difficultatem</strong></span> <span class='ocrx_word' id='word_1_385' title='bbox 963 1644 1177 1691; x_wconf 89' lang='lat' dir='ltr'><strong>Hannibal,</strong></span> <span class='ocrx_word' id='word_1_386' title='bbox 1207 1658 1297 1687; x_wconf 83' lang='lat' dir='ltr'><strong>eum</strong></span> <span class='ocrx_word' id='word_1_387' title='bbox 1322 1646 1407 1681; x_wconf 79' lang='lat' dir='ltr'><strong>vidit</strong></span> <span class='ocrx_word' id='word_1_388' title='bbox 1440 1657 1518 1681; x_wconf 88' lang='lat' dir='ltr'><strong>non</strong></span> <span class='ocrx_word' id='word_1_389' title='bbox 1540 1645 1795 1696; x_wconf 87' lang='lat' dir='ltr'><strong>interpretari,</strong></span> <span class='ocrx_word' id='word_1_390' title='bbox 1823 1648 2017 1695; x_wconf 74' lang='lat' dir='ltr'><strong>inquisivit,</strong></span> 
     </span>
     <span class='ocr_line' id='line_1_32' title="bbox 111 1659 2018 1749; baseline -0.001 -15"><span class='ocrx_word' id='word_1_391' title='bbox 111 1659 181 1733; x_wconf 54' lang='lat'><strong>⁸25</strong></span> <span class='ocrx_word' id='word_1_392' title='bbox 206 1697 397 1739; x_wconf 51' lang='lat' dir='ltr'><strong>intellexi&amp;</strong></span> <span class='ocrx_word' id='word_1_393' title='bbox 425 1695 616 1741; x_wconf 25' lang='lat' dir='ltr'><strong>‘similiter</strong></span> <span class='ocrx_word' id='word_1_394' title='bbox 657 1696 772 1732; x_wconf 80' lang='lat' dir='ltr'><strong>visam</strong></span> <span class='ocrx_word' id='word_1_395' title='bbox 807 1695 996 1732; x_wconf 79' lang='lat' dir='ltr'><strong>utilitatem</strong></span> <span class='ocrx_word' id='word_1_396' title='bbox 1020 1707 1097 1732; x_wconf 92' lang='lat' dir='ltr'><strong>non</strong></span> <span class='ocrx_word' id='word_1_397' title='bbox 1128 1702 1207 1732; x_wconf 90' lang='lat' dir='ltr'><strong>tam</strong></span> <span class='ocrx_word' id='word_1_398' title='bbox 1240 1706 1323 1732; x_wconf 86' lang='lat' dir='ltr'><strong>esse</strong></span> <span class='ocrx_word' id='word_1_399' title='bbox 1354 1696 1572 1744; x_wconf 74' lang='lat' dir='ltr'><strong>inquisitam,</strong></span> <span class='ocrx_word' id='word_1_400' title='bbox 1611 1708 1727 1747; x_wconf 73' lang='lat' dir='ltr'><strong>qnam</strong></span> <span class='ocrx_word' id='word_1_401' title='bbox 1759 1705 2018 1749; x_wconf 74' lang='lat' dir='ltr'><strong>perspeemn,</strong></span> 
     </span>
     <span class='ocr_line' id='line_1_33' title="bbox 110 1745 2018 1796; baseline 0.003 -15"><span class='ocrx_word' id='word_1_402' title='bbox 110 1758 190 1782; x_wconf 85' lang='lat' dir='ltr'><strong>non</strong></span> <span class='ocrx_word' id='word_1_403' title='bbox 209 1747 438 1796; x_wconf 83' lang='lat' dir='ltr'><strong>ignoratam.</strong></span> <span class='ocrx_word' id='word_1_404' title='bbox 489 1748 627 1795; x_wconf 81' lang='lat' dir='ltr'><strong>Meque</strong></span> <span class='ocrx_word' id='word_1_405' title='bbox 651 1746 705 1782; x_wconf 90' lang='lat' dir='ltr'><strong>ita</strong></span> <span class='ocrx_word' id='word_1_406' title='bbox 730 1745 989 1795; x_wconf 84' lang='lat' dir='ltr'><strong>disputaturus</strong></span> <span class='ocrx_word' id='word_1_407' title='bbox 1017 1745 1101 1782; x_wconf 86' lang='lat' dir='ltr'><strong>fere</strong></span> <span class='ocrx_word' id='word_1_408' title='bbox 1133 1745 1434 1783; x_wconf 82' lang='lat' dir='ltr'><strong>consentientem</strong></span> <span class='ocrx_word' id='word_1_409' title='bbox 1458 1745 1628 1784; x_wconf 79' lang='lat' dir='ltr'><strong>habebit.</strong></span> <span class='ocrx_word' id='word_1_410' title='bbox 1679 1747 1897 1785; x_wconf 56' lang='lat' dir='ltr'><strong>Sednsimul</strong></span> <span class='ocrx_word' id='word_1_411' title='bbox 1922 1763 2018 1786; x_wconf 88' lang='lat' dir='ltr'><strong>nun-</strong></span> 
     </span>
     <span class='ocr_line' id='line_1_34' title="bbox 111 1795 2015 1848; baseline -0.002 -17"><span class='ocrx_word' id='word_1_412' title='bbox 111 1808 228 1845; x_wconf 86' lang='lat' dir='ltr'><strong>quam</strong></span> <span class='ocrx_word' id='word_1_413' title='bbox 253 1795 554 1833; x_wconf 85' lang='lat' dir='ltr'><strong>obliviscendum</strong></span> <span class='ocrx_word' id='word_1_414' title='bbox 580 1808 770 1845; x_wconf 88' lang='lat' dir='ltr'><strong>moneam,</strong></span> <span class='ocrx_word' id='word_1_415' title='bbox 792 1796 895 1845; x_wconf 88' lang='lat' dir='ltr'><strong>apud</strong></span> <span class='ocrx_word' id='word_1_416' title='bbox 920 1795 1097 1846; x_wconf 86' lang='lat' dir='ltr'><strong>antiquos</strong></span> <span class='ocrx_word' id='word_1_417' title='bbox 1123 1796 1247 1833; x_wconf 88' lang='lat' dir='ltr'><strong>multo</strong></span> <span class='ocrx_word' id='word_1_418' title='bbox 1264 1808 1324 1832; x_wconf 86' lang='lat' dir='ltr'><strong>ma</strong></span> <span class='ocrx_word' id='word_1_419' title='bbox 1352 1796 1385 1832; x_wconf 88' lang='lat' dir='ltr'><strong>is</strong></span> <span class='ocrx_word' id='word_1_420' title='bbox 1411 1796 1594 1833; x_wconf 88' lang='lat' dir='ltr'><strong>orationis</strong></span> <span class='ocrx_word' id='word_1_421' title='bbox 1609 1796 1778 1848; x_wconf 76' lang='lat' dir='ltr'><strong>singulas</strong></span> <span class='ocrx_word' id='word_1_422' title='bbox 1804 1806 1935 1847; x_wconf 69' lang='lat' dir='ltr'><strong>partes</strong></span> <span class='ocrx_word' id='word_1_423' title='bbox 1958 1799 2015 1835; x_wconf 78' lang='lat' dir='ltr'><strong>in-</strong></span> 
     </span>
     <span class='ocr_line' id='line_1_35' title="bbox 108 1809 2015 1902; baseline 0.004 -22"><span class='ocrx_word' id='word_1_424' title='bbox 108 1852 171 1880; x_wconf 86' lang='lat' dir='ltr'><strong>ter</strong></span> <span class='ocrx_word' id='word_1_425' title='bbox 198 1856 239 1880; x_wconf 91' lang='lat' dir='ltr'><strong>se</strong></span> <span class='ocrx_word' id='word_1_426' title='bbox 265 1846 443 1897; x_wconf 51' lang='lat' dir='ltr'><strong>coniungi</strong></span> <span class='ocrx_word' id='word_1_427' title='bbox 467 1853 505 1882; x_wconf 90' lang='lat' dir='ltr'><strong>et</strong></span> <span class='ocrx_word' id='word_1_428' title='bbox 529 1845 812 1895; x_wconf 88' lang='lat' dir='ltr'><strong>quodammodo</strong></span> <span class='ocrx_word' id='word_1_429' title='bbox 836 1844 1046 1891; x_wconf 85' lang='lat' dir='ltr'><strong>confluere,</strong></span> <span class='ocrx_word' id='word_1_430' title='bbox 1077 1847 1140 1892; x_wconf 88' lang='lat' dir='ltr'><strong>(ut</strong></span> <span class='ocrx_word' id='word_1_431' title='bbox 1163 1846 1229 1902; x_wconf 71' lang='lat' dir='ltr'><strong>‹Jui</strong></span> <span class='ocrx_word' id='word_1_432' title='bbox 1253 1809 1410 1881; x_wconf 50' lang='lat' dir='ltr'><strong>aunzus</strong></span> <span class='ocrx_word' id='word_1_433' title='bbox 1439 1846 1560 1895; x_wconf 83' lang='lat' dir='ltr'><strong>magis</strong></span> <span class='ocrx_word' id='word_1_434' title='bbox 1586 1860 1702 1896; x_wconf 84' lang='lat' dir='ltr'><strong>quam</strong></span> <span class='ocrx_word' id='word_1_435' title='bbox 1729 1848 2015 1887; x_wconf 77' lang='lat' dir='ltr'><strong>oculis-oratio-</strong></span> 
     </span>
     <span class='ocr_line' id='line_1_36' title="bbox 109 1894 2015 1946; baseline 0.003 -16"><span class='ocrx_word' id='word_1_436' title='bbox 109 1906 198 1930; x_wconf 90' lang='lat' dir='ltr'><strong>nem</strong></span> <span class='ocrx_word' id='word_1_437' title='bbox 229 1897 472 1944; x_wconf 84' lang='lat' dir='ltr'><strong>usurparent)</strong></span> <span class='ocrx_word' id='word_1_438' title='bbox 508 1907 623 1945; x_wconf 86' lang='lat' dir='ltr'><strong>quam</strong></span> <span class='ocrx_word' id='word_1_439' title='bbox 658 1894 759 1943; x_wconf 78' lang='lat' dir='ltr'><strong>apud</strong></span> <span class='ocrx_word' id='word_1_440' title='bbox 777 1907 868 1932; x_wconf 86' lang='lat' dir='ltr'><strong>nos.</strong></span> <span class='ocrx_word' id='word_1_441' title='bbox 920 1894 1033 1941; x_wconf 88' lang='lat' dir='ltr'><strong>Hinc,</strong></span> <span class='ocrx_word' id='word_1_442' title='bbox 1064 1901 1106 1931; x_wconf 93' lang='lat' dir='ltr'><strong>ut</strong></span> <span class='ocrx_word' id='word_1_443' title='bbox 1130 1894 1203 1931; x_wconf 89' lang='lat' dir='ltr'><strong>aha</strong></span> <span class='ocrx_word' id='word_1_444' title='bbox 1229 1902 1393 1940; x_wconf 90' lang='lat' dir='ltr'><strong>taceam,</strong></span> <span class='ocrx_word' id='word_1_445' title='bbox 1428 1908 1516 1932; x_wconf 90' lang='lat' dir='ltr'><strong>nam</strong></span> <span class='ocrx_word' id='word_1_446' title='bbox 1543 1896 1619 1934; x_wconf 86' lang='lat' dir='ltr'><strong>late</strong></span> <span class='ocrx_word' id='word_1_447' title='bbox 1645 1908 1689 1933; x_wconf 91' lang='lat' dir='ltr'><strong>ea</strong></span> <span class='ocrx_word' id='word_1_448' title='bbox 1715 1909 1776 1934; x_wconf 85' lang='lat' dir='ltr'><strong>res</strong></span> <span class='ocrx_word' id='word_1_449' title='bbox 1801 1903 1917 1946; x_wconf 85' lang='lat' dir='ltr'><strong>patet,</strong></span> <span class='ocrx_word' id='word_1_450' title='bbox 1942 1910 2015 1935; x_wconf 87' lang='lat' dir='ltr'><strong>usu</strong></span> 
     </span>
     <span class='ocr_line' id='line_1_37' title="bbox 110 1943 2012 1996; baseline 0.002 -15"><span class='ocrx_word' id='word_1_451' title='bbox 110 1955 228 1993; x_wconf 78' lang='lat' dir='ltr'><strong>saepe</strong></span> <span class='ocrx_word' id='word_1_452' title='bbox 242 1946 380 1989; x_wconf 90' lang='lat' dir='ltr'><strong>venire,</strong></span> <span class='ocrx_word' id='word_1_453' title='bbox 400 1953 441 1982; x_wconf 90' lang='lat' dir='ltr'><strong>ut</strong></span> <span class='ocrx_word' id='word_1_454' title='bbox 465 1945 502 1981; x_wconf 93' lang='lat' dir='ltr'><strong>in</strong></span> <span class='ocrx_word' id='word_1_455' title='bbox 518 1945 635 1982; x_wconf 90' lang='lat' dir='ltr'><strong>rebus</strong></span> <span class='ocrx_word' id='word_1_456' title='bbox 661 1957 824 1994; x_wconf 87' lang='lat' dir='ltr'><strong>quarum</strong></span> <span class='ocrx_word' id='word_1_457' title='bbox 842 1943 1024 1980; x_wconf 89' lang='lat' dir='ltr'><strong>iudicium</strong></span> <span class='ocrx_word' id='word_1_458' title='bbox 1041 1945 1330 1994; x_wconf 87' lang='lat' dir='ltr'><strong>comparatione</strong></span> <span class='ocrx_word' id='word_1_459' title='bbox 1345 1953 1542 1993; x_wconf 85' lang='lat' dir='ltr'><strong>statuatur,</strong></span> <span class='ocrx_word' id='word_1_460' title='bbox 1563 1953 1605 1982; x_wconf 92' lang='lat' dir='ltr'><strong>ut</strong></span> <span class='ocrx_word' id='word_1_461' title='bbox 1623 1953 1679 1983; x_wconf 91' lang='lat' dir='ltr'><strong>est</strong></span> <span class='ocrx_word' id='word_1_462' title='bbox 1703 1947 1903 1996; x_wconf 85' lang='lat' dir='ltr'><strong>mercedis,</strong></span> <span class='ocrx_word' id='word_1_463' title='bbox 1953 1961 2012 1985; x_wconf 87' lang='lat' dir='ltr'><strong>re-</strong></span> 
     </span>
     <span class='ocr_line' id='line_1_38' title="bbox 108 1993 2014 2045; baseline 0.003 -14"><span class='ocrx_word' id='word_1_464' title='bbox 108 1993 163 2039; x_wconf 86' lang='lat' dir='ltr'><strong>tii,</strong></span> <span class='ocrx_word' id='word_1_465' title='bbox 180 1993 462 2044; x_wconf 82' lang='lat' dir='ltr'><strong>magnitudinis,</strong></span> <span class='ocrx_word' id='word_1_466' title='bbox 477 1995 651 2033; x_wconf 88' lang='lat' dir='ltr'><strong>utilitatis</strong></span> <span class='ocrx_word' id='word_1_467' title='bbox 668 1995 778 2045; x_wconf 90' lang='lat' dir='ltr'><strong>ratio,</strong></span> <span class='ocrx_word' id='word_1_468' title='bbox 793 1993 1088 2031; x_wconf 83' lang='lat' dir='ltr'><strong>affirmationem</strong></span> <span class='ocrx_word' id='word_1_469' title='bbox 1113 2007 1226 2031; x_wconf 91' lang='lat' dir='ltr'><strong>unam</strong></span> <span class='ocrx_word' id='word_1_470' title='bbox 1253 2006 1326 2044; x_wconf 88' lang='lat' dir='ltr'><strong>per</strong></span> <span class='ocrx_word' id='word_1_471' title='bbox 1338 1995 1550 2044; x_wconf 89' lang='lat' dir='ltr'><strong>simplicem</strong></span> <span class='ocrx_word' id='word_1_472' title='bbox 1576 1997 1837 2035; x_wconf 84' lang='lat' dir='ltr'><strong>accusativum</strong></span> <span class='ocrx_word' id='word_1_473' title='bbox 1863 1997 1910 2034; x_wconf 88' lang='lat' dir='ltr'><strong>ad</strong></span> <span class='ocrx_word' id='word_1_474' title='bbox 1941 2007 2014 2044; x_wconf 92' lang='lat' dir='ltr'><strong>ant,</strong></span> 
     </span>
     <span class='ocr_line' id='line_1_39' title="bbox 111 2043 2013 2096; baseline 0.003 -17"><span class='ocrx_word' id='word_1_475' title='bbox 111 2043 178 2080; x_wconf 84' lang='lat' dir='ltr'><strong>ubi</strong></span> <span class='ocrx_word' id='word_1_476' title='bbox 203 2055 273 2080; x_wconf 92' lang='lat' dir='ltr'><strong>nos</strong></span> <span class='ocrx_word' id='word_1_477' title='bbox 301 2051 366 2081; x_wconf 87' lang='lat' dir='ltr'><strong>aut</strong></span> <span class='ocrx_word' id='word_1_478' title='bbox 394 2047 588 2096; x_wconf 82' lang='lat' dir='ltr'><strong>negaturi,</strong></span> <span class='ocrx_word' id='word_1_479' title='bbox 621 2053 687 2082; x_wconf 87' lang='lat' dir='ltr'><strong>aut</strong></span> <span class='ocrx_word' id='word_1_480' title='bbox 711 2045 917 2082; x_wconf 84' lang='lat' dir='ltr'><strong>discrimen</strong></span> <span class='ocrx_word' id='word_1_481' title='bbox 948 2044 1097 2082; x_wconf 87' lang='lat' dir='ltr'><strong>allaturi</strong></span> <span class='ocrx_word' id='word_1_482' title='bbox 1122 2056 1304 2082; x_wconf 85' lang='lat' dir='ltr'><strong>essemus.</strong></span> <span class='ocrx_word' id='word_1_483' title='bbox 1355 2045 1488 2084; x_wconf 89' lang='lat' dir='ltr'><strong>Veluti</strong></span> <span class='ocrx_word' id='word_1_484' title='bbox 1513 2059 1592 2087; x_wconf 65' lang='lat' dir='ltr'><strong>non</strong></span> <span class='ocrx_word' id='word_1_485' title='bbox 1615 2048 1742 2087; x_wconf 81' lang='lat' dir='ltr'><strong>solum</strong></span> <span class='ocrx_word' id='word_1_486' title='bbox 1771 2048 2013 2086; x_wconf 84' lang='lat' dir='ltr'><strong>distributive</strong></span> 
     </span>
     <span class='ocr_line' id='line_1_40' title="bbox 100 2093 2013 2146; baseline 0.003 -17"><span class='ocrx_word' id='word_1_487' title='bbox 100 2093 243 2130; x_wconf 73' lang='lat' dir='ltr'><strong>dicunt</strong></span> <span class='ocrx_word' id='word_1_488' title='bbox 268 2106 385 2130; x_wconf 85' lang='lat' dir='ltr'><strong>rerum</strong></span> <span class='ocrx_word' id='word_1_489' title='bbox 409 2098 537 2142; x_wconf 84' lang='lat' dir='ltr'><strong>pretia,</strong></span> <span class='ocrx_word' id='word_1_490' title='bbox 564 2094 630 2132; x_wconf 81' lang='lat' dir='ltr'><strong>sed</strong></span> <span class='ocrx_word' id='word_1_491' title='bbox 657 2095 769 2133; x_wconf 87' lang='lat' dir='ltr'><strong>etiam</strong></span> <span class='ocrx_word' id='word_1_492' title='bbox 795 2097 845 2132; x_wconf 86' lang='lat' dir='ltr'><strong>rei</strong></span> <span class='ocrx_word' id='word_1_493' title='bbox 863 2097 1021 2144; x_wconf 79' lang='lat' dir='ltr'><strong>pretium</strong></span> <span class='ocrx_word' id='word_1_494' title='bbox 1054 2094 1202 2141; x_wconf 85' lang='lat' dir='ltr'><strong>videre,</strong></span> <span class='ocrx_word' id='word_1_495' title='bbox 1227 2094 1294 2130; x_wconf 91' lang='lat' dir='ltr'><strong>ubi</strong></span> <span class='ocrx_word' id='word_1_496' title='bbox 1320 2107 1390 2130; x_wconf 86' lang='lat' dir='ltr'><strong>nos</strong></span> <span class='ocrx_word' id='word_1_497' title='bbox 1415 2094 1618 2146; x_wconf 77' lang='lat' dir='ltr'><strong>malumus,</strong></span> <span class='ocrx_word' id='word_1_498' title='bbox 1643 2096 1890 2140; x_wconf 52' lang='lat' dir='ltr'><strong>denuWerth</strong></span> <span class='ocrx_word' id='word_1_499' title='bbox 1916 2098 2013 2136; x_wconf 86' lang='lat' dir='ltr'><strong>oder</strong></span> 
     </span>
     <span class='ocr_line' id='line_1_41' title="bbox 108 2143 2010 2198; baseline 0.003 -18"><span class='ocrx_word' id='word_1_500' title='bbox 108 2143 295 2181; x_wconf 85' lang='lat' dir='ltr'><strong>Unwerth</strong></span> <span class='ocrx_word' id='word_1_501' title='bbox 331 2144 540 2191; x_wconf 76' lang='lat' dir='ltr'><strong>erkennen‚</strong></span> <span class='ocrx_word' id='word_1_502' title='bbox 575 2145 648 2195; x_wconf 84' lang='lat' dir='ltr'><strong>vel,</strong></span> <span class='ocrx_word' id='word_1_503' title='bbox 681 2145 823 2193; x_wconf 86' lang='lat' dir='ltr'><strong>videre,</strong></span> <span class='ocrx_word' id='word_1_504' title='bbox 854 2145 961 2196; x_wconf 88' lang='lat' dir='ltr'><strong>quod</strong></span> <span class='ocrx_word' id='word_1_505' title='bbox 993 2145 1043 2182; x_wconf 85' lang='lat' dir='ltr'><strong>sit</strong></span> <span class='ocrx_word' id='word_1_506' title='bbox 1074 2144 1138 2183; x_wconf 89' lang='lat' dir='ltr'><strong>vel</strong></span> <span class='ocrx_word' id='word_1_507' title='bbox 1169 2144 1283 2195; x_wconf 89' lang='lat' dir='ltr'><strong>quale</strong></span> <span class='ocrx_word' id='word_1_508' title='bbox 1313 2145 1373 2182; x_wconf 90' lang='lat' dir='ltr'><strong>rei</strong></span> <span class='ocrx_word' id='word_1_509' title='bbox 1431 2146 1581 2183; x_wconf 82' lang='lat' dir='ltr'><strong>retium.</strong></span> <span class='ocrx_word' id='word_1_510' title='bbox 1616 2149 1685 2188; x_wconf 63' lang='lat' dir='ltr'><strong>=Et</strong></span> <span class='ocrx_word' id='word_1_511' title='bbox 1713 2148 1917 2198; x_wconf 74' lang='lat' dir='ltr'><strong>possumus</strong></span> <span class='ocrx_word' id='word_1_512' title='bbox 1938 2161 2010 2186; x_wconf 84' lang='lat' dir='ltr'><strong>nos</strong></span> 
     </span>
     <span class='ocr_line' id='line_1_42' title="bbox 109 2192 2011 2246; baseline 0.004 -18"><span class='ocrx_word' id='word_1_513' title='bbox 109 2204 267 2243; x_wconf 85' lang='lat' dir='ltr'><strong>quoque</strong></span> <span class='ocrx_word' id='word_1_514' title='bbox 295 2192 419 2242; x_wconf 83' lang='lat' dir='ltr'><strong>ferre,</strong></span> <span class='ocrx_word' id='word_1_515' title='bbox 457 2198 640 2233; x_wconf 84' lang='lat' dir='ltr'><strong>sociorum</strong></span> <span class='ocrx_word' id='word_1_516' title='bbox 673 2198 762 2233; x_wconf 82' lang='lat' dir='ltr'><strong>vires</strong></span> <span class='ocrx_word' id='word_1_517' title='bbox 792 2198 1016 2244; x_wconf 84' lang='lat' dir='ltr'><strong>reprehendit,</strong></span> <span class='ocrx_word' id='word_1_518' title='bbox 1048 2207 1090 2233; x_wconf 91' lang='lat' dir='ltr'><strong>er</strong></span> <span class='ocrx_word' id='word_1_519' title='bbox 1121 2194 1263 2233; x_wconf 90' lang='lat' dir='ltr'><strong>tadelte</strong></span> <span class='ocrx_word' id='word_1_520' title='bbox 1289 2195 1353 2231; x_wconf 90' lang='lat' dir='ltr'><strong>die</strong></span> <span class='ocrx_word' id='word_1_521' title='bbox 1386 2196 1405 2231; x_wconf 87' lang='grc' dir='ltr'>Ι</span> <span class='ocrx_word' id='word_1_522' title='bbox 1443 2195 1521 2237; x_wconf 60' lang='lat' dir='ltr'><strong>aste</strong></span> <span class='ocrx_word' id='word_1_523' title='bbox 1552 2196 1626 2234; x_wconf 87' lang='lat' dir='ltr'><strong>der</strong></span> <span class='ocrx_word' id='word_1_524' title='bbox 1655 2198 2011 2246; x_wconf 76' lang='lat' dir='ltr'><strong>Bundesgenossen,</strong></span> 
     </span>
     <span class='ocr_line' id='line_1_43' title="bbox 95 2245 2034 2298; baseline 0.002 -15"><span class='ocrx_word' id='word_1_525' title='bbox 95 2255 338 2296; x_wconf 67' lang='lat' dir='ltr'><strong>‚quamquam</strong></span> <span class='ocrx_word' id='word_1_526' title='bbox 400 2245 633 2284; x_wconf 81' lang='lat' dir='ltr'><strong>raeferamus</strong></span> <span class='ocrx_word' id='word_1_527' title='bbox 660 2245 723 2291; x_wconf 81' lang='lat' dir='ltr'><strong>die</strong></span> <span class='ocrx_word' id='word_1_528' title='bbox 748 2245 1036 2297; x_wconf 68' lang='lat' dir='ltr'><strong>Rrastlosigkeit</strong></span> <span class='ocrx_word' id='word_1_529' title='bbox 1044 2257 1056 2294; x_wconf 84' lang='lat'>3</span> <span class='ocrx_word' id='word_1_530' title='bbox 1088 2245 1157 2283; x_wconf 81' lang='lat' dir='ltr'><strong>sed</strong></span> <span class='ocrx_word' id='word_1_531' title='bbox 1183 2245 1247 2284; x_wconf 89' lang='lat' dir='ltr'><strong>vix</strong></span> <span class='ocrx_word' id='word_1_532' title='bbox 1276 2257 1478 2296; x_wconf 80' lang='lat' dir='ltr'><strong>possumus</strong></span> <span class='ocrx_word' id='word_1_533' title='bbox 1505 2246 1649 2292; x_wconf 89' lang='lat' dir='ltr'><strong>dicere,</strong></span> <span class='ocrx_word' id='word_1_534' title='bbox 1672 2259 1715 2285; x_wconf 88' lang='lat' dir='ltr'><strong>er</strong></span> <span class='ocrx_word' id='word_1_535' title='bbox 1738 2246 1920 2298; x_wconf 74' lang='lat' dir='ltr'><strong>beklagte</strong></span> <span class='ocrx_word' id='word_1_536' title='bbox 1947 2248 2034 2287; x_wconf 63' lang='lat' dir='ltr'><strong>die¹</strong></span> 
     </span>
     <span class='ocr_line' id='line_1_44' title="bbox 108 2294 2012 2347; baseline 0.004 -16"><span class='ocrx_word' id='word_1_537' title='bbox 108 2297 236 2333; x_wconf 86' lang='lat' dir='ltr'><strong>Treue</strong></span> <span class='ocrx_word' id='word_1_538' title='bbox 261 2294 325 2332; x_wconf 86' lang='lat' dir='ltr'><strong>des</strong></span> <span class='ocrx_word' id='word_1_539' title='bbox 385 2296 562 2345; x_wconf 85' lang='lat' dir='ltr'><strong>&#39;&#39;gdleins,</strong></span> <span class='ocrx_word' id='word_1_540' title='bbox 583 2304 627 2333; x_wconf 88' lang='lat' dir='ltr'><strong>ut</strong></span> <span class='ocrx_word' id='word_1_541' title='bbox 652 2297 701 2335; x_wconf 90' lang='lat' dir='ltr'><strong>sit</strong></span> <span class='ocrx_word' id='word_1_542' title='bbox 724 2296 895 2347; x_wconf 90' lang='lat' dir='ltr'><strong>perfidia,</strong></span> <span class='ocrx_word' id='word_1_543' title='bbox 945 2310 1038 2334; x_wconf 90' lang='lat' dir='ltr'><strong>uum</strong></span> <span class='ocrx_word' id='word_1_544' title='bbox 1061 2304 1191 2335; x_wconf 89' lang='lat' dir='ltr'><strong>tamen</strong></span> <span class='ocrx_word' id='word_1_545' title='bbox 1204 2297 1322 2346; x_wconf 86' lang='lat' dir='ltr'><strong>fidem</strong></span> <span class='ocrx_word' id='word_1_546' title='bbox 1341 2298 1480 2347; x_wconf 83' lang='lat' dir='ltr'><strong>puellae</strong></span> <span class='ocrx_word' id='word_1_547' title='bbox 1531 2312 1585 2336; x_wconf 79' lang='lat' dir='ltr'><strong>ere</strong></span> <span class='ocrx_word' id='word_1_548' title='bbox 1607 2298 1661 2335; x_wconf 87' lang='lat' dir='ltr'><strong>sic</strong></span> <span class='ocrx_word' id='word_1_549' title='bbox 1683 2296 1790 2345; x_wconf 82' lang='lat' dir='ltr'><strong>dicat</strong></span> <span class='ocrx_word' id='word_1_550' title='bbox 1813 2298 2012 2347; x_wconf 84' lang='lat' dir='ltr'><strong>Horatius,</strong></span> 
     </span>
     <span class='ocr_line' id='line_1_45' title="bbox 108 2344 2010 2398; baseline 0.003 -17"><span class='ocrx_word' id='word_1_551' title='bbox 108 2344 198 2394; x_wconf 81' lang='lat' dir='ltr'><strong>quia</strong></span> <span class='ocrx_word' id='word_1_552' title='bbox 228 2344 374 2394; x_wconf 84' lang='lat' dir='ltr'><strong>reliqua</strong></span> <span class='ocrx_word' id='word_1_553' title='bbox 407 2346 543 2390; x_wconf 83' lang='lat' dir='ltr'><strong>oratio,</strong></span> <span class='ocrx_word' id='word_1_554' title='bbox 576 2347 669 2398; x_wconf 84' lang='lat' dir='ltr'><strong>quid</strong></span> <span class='ocrx_word' id='word_1_555' title='bbox 699 2347 897 2398; x_wconf 82' lang='lat' dir='ltr'><strong>intelligat,</strong></span> <span class='ocrx_word' id='word_1_556' title='bbox 956 2354 1176 2385; x_wconf 80' lang='lat' dir='ltr'><strong>emonstrat.</strong></span> <span class='ocrx_word' id='word_1_557' title='bbox 1227 2348 1284 2384; x_wconf 83' lang='lat' dir='ltr'><strong>Ita</strong></span> <span class='ocrx_word' id='word_1_558' title='bbox 1314 2348 1346 2384; x_wconf 87' lang='lat' dir='ltr'><strong>si</strong></span> <span class='ocrx_word' id='word_1_559' title='bbox 1377 2348 1459 2398; x_wconf 85' lang='lat' dir='ltr'><strong>quis</strong></span> <span class='ocrx_word' id='word_1_560' title='bbox 1517 2349 1606 2393; x_wconf 87' lang='lat' dir='ltr'><strong>icat,</strong></span> <span class='ocrx_word' id='word_1_561' title='bbox 1637 2348 1816 2396; x_wconf 76' lang='lat' dir='ltr'><strong>praevisa</strong></span> <span class='ocrx_word' id='word_1_562' title='bbox 1846 2350 2010 2388; x_wconf 84' lang='lat' dir='ltr'><strong>utilitate</strong></span> 
     </span>
     <span class='ocr_line' id='line_1_46' title="bbox 109 2394 2011 2451; baseline 0.003 -20"><span class='ocrx_word' id='word_1_563' title='bbox 109 2395 271 2444; x_wconf 88' lang='lat' dir='ltr'><strong>sumpsit</strong></span> <span class='ocrx_word' id='word_1_564' title='bbox 300 2394 462 2444; x_wconf 87' lang='lat' dir='ltr'><strong>bellum,</strong></span> <span class='ocrx_word' id='word_1_565' title='bbox 493 2398 623 2435; x_wconf 79' lang='lat' dir='ltr'><strong>omnes</strong></span> <span class='ocrx_word' id='word_1_566' title='bbox 656 2397 777 2436; x_wconf 87' lang='lat' dir='ltr'><strong>intelli</strong></span> <span class='ocrx_word' id='word_1_567' title='bbox 806 2404 915 2436; x_wconf 87' lang='lat' dir='ltr'><strong>erent</strong></span> <span class='ocrx_word' id='word_1_568' title='bbox 944 2409 1031 2435; x_wconf 86' lang='lat' dir='ltr'><strong>eam</strong></span> <span class='ocrx_word' id='word_1_569' title='bbox 1057 2410 1142 2436; x_wconf 85' lang='lat' dir='ltr'><strong>esse</strong></span> <span class='ocrx_word' id='word_1_570' title='bbox 1165 2398 1240 2437; x_wconf 88' lang='lat' dir='ltr'><strong>rite</strong></span> <span class='ocrx_word' id='word_1_571' title='bbox 1268 2406 1517 2450; x_wconf 84' lang='lat' dir='ltr'><strong>perspectam.</strong></span> <span class='ocrx_word' id='word_1_572' title='bbox 1566 2396 1646 2435; x_wconf 92' lang='lat' dir='ltr'><strong>Sed</strong></span> <span class='ocrx_word' id='word_1_573' title='bbox 1671 2409 1749 2441; x_wconf 83' lang='lat' dir='ltr'><strong>non</strong></span> <span class='ocrx_word' id='word_1_574' title='bbox 1772 2398 1896 2437; x_wconf 86' lang='lat' dir='ltr'><strong>minus</strong></span> <span class='ocrx_word' id='word_1_575' title='bbox 1920 2411 2011 2451; x_wconf 84' lang='lat' dir='ltr'><strong>per·</strong></span> 
     </span>
     <span class='ocr_line' id='line_1_47' title="bbox 109 2411 2014 2504; baseline 0.005 -24"><span class='ocrx_word' id='word_1_576' title='bbox 109 2445 287 2502; x_wconf 73' lang='lat' dir='ltr'><strong>spieuum</strong></span> <span class='ocrx_word' id='word_1_577' title='bbox 321 2446 396 2483; x_wconf 89' lang='lat' dir='ltr'><strong>erit</strong></span> <span class='ocrx_word' id='word_1_578' title='bbox 425 2448 621 2496; x_wconf 83' lang='lat' dir='ltr'><strong>Romanis,</strong></span> <span class='ocrx_word' id='word_1_579' title='bbox 654 2411 803 2498; x_wconf 47' lang='lat' dir='ltr'><strong>aliquid</strong></span> <span class='ocrx_word' id='word_1_580' title='bbox 827 2448 867 2485; x_wconf 89' lang='lat' dir='ltr'><strong>in</strong></span> <span class='ocrx_word' id='word_1_581' title='bbox 892 2449 1037 2486; x_wconf 87' lang='lat' dir='ltr'><strong>iudicio</strong></span> <span class='ocrx_word' id='word_1_582' title='bbox 1068 2449 1241 2486; x_wconf 88' lang='lat' dir='ltr'><strong>utilitatis</strong></span> <span class='ocrx_word' id='word_1_583' title='bbox 1268 2461 1353 2486; x_wconf 84' lang='lat' dir='ltr'><strong>esse</strong></span> <span class='ocrx_word' id='word_1_584' title='bbox 1378 2449 1436 2486; x_wconf 87' lang='lat' dir='ltr'><strong>vel</strong></span> <span class='ocrx_word' id='word_1_585' title='bbox 1461 2455 1660 2497; x_wconf 79' lang='lat' dir='ltr'><strong>peccatum</strong></span> <span class='ocrx_word' id='word_1_586' title='bbox 1687 2447 2014 2504; x_wconf 57' lang='lat' dir='ltr'><strong>vel‘neglqctum,</strong></span> 
     </span>
     <span class='ocr_line' id='line_1_48' title="bbox 109 2495 2013 2561; baseline 0.005 -31"><span class='ocrx_word' id='word_1_587' title='bbox 109 2506 154 2541; x_wconf 75' lang='lat' dir='ltr'><strong>si,</strong></span> <span class='ocrx_word' id='word_1_588' title='bbox 179 2501 223 2537; x_wconf 85' lang='lat' dir='ltr'><strong>ut</strong></span> <span class='ocrx_word' id='word_1_589' title='bbox 247 2495 349 2545; x_wconf 87' lang='lat' dir='ltr'><strong>apud</strong></span> <span class='ocrx_word' id='word_1_590' title='bbox 370 2508 442 2534; x_wconf 89' lang='lat' dir='ltr'><strong>nos</strong></span> <span class='ocrx_word' id='word_1_591' title='bbox 463 2504 532 2548; x_wconf 87' lang='lat' dir='ltr'><strong>est,</strong></span> <span class='ocrx_word' id='word_1_592' title='bbox 552 2496 605 2535; x_wconf 92' lang='lat' dir='ltr'><strong>ita</strong></span> <span class='ocrx_word' id='word_1_593' title='bbox 631 2497 822 2538; x_wconf 86' lang='lat' dir='ltr'><strong>vinciatur</strong></span> <span class='ocrx_word' id='word_1_594' title='bbox 848 2499 984 2546; x_wconf 87' lang='lat' dir='ltr'><strong>oratio,</strong></span> <span class='ocrx_word' id='word_1_595' title='bbox 1002 2500 1169 2549; x_wconf 77' lang='lat' dir='ltr'><strong>praevisa</strong></span> <span class='ocrx_word' id='word_1_596' title='bbox 1194 2499 1343 2536; x_wconf 85' lang='lat' dir='ltr'><strong>utilitate</strong></span> <span class='ocrx_word' id='word_1_597' title='bbox 1363 2500 1489 2547; x_wconf 85' lang='lat' dir='ltr'><strong>peiora</strong></span> <span class='ocrx_word' id='word_1_598' title='bbox 1513 2498 1684 2547; x_wconf 82' lang='lat' dir='ltr'><strong>legerunt,</strong></span> <span class='ocrx_word' id='word_1_599' title='bbox 1708 2498 1778 2539; x_wconf 86' lang='lat' dir='ltr'><strong>ubi</strong></span> <span class='ocrx_word' id='word_1_600' title='bbox 1793 2498 1852 2554; x_wconf 62' lang='lat' dir='ltr'><strong>,gx</strong></span> <span class='ocrx_word' id='word_1_601' title='bbox 1871 2497 2013 2561; x_wconf 45' lang='lat' dir='ltr'><strong>*posu-o</strong></span> 
     </span>
     <span class='ocr_line' id='line_1_49' title="bbox 112 2544 2011 2601; baseline 0.005 -20"><span class='ocrx_word' id='word_1_602' title='bbox 112 2547 181 2582; x_wconf 79' lang='lat' dir='ltr'><strong>nos</strong></span> <span class='ocrx_word' id='word_1_603' title='bbox 206 2558 317 2583; x_wconf 88' lang='lat' dir='ltr'><strong>more</strong></span> <span class='ocrx_word' id='word_1_604' title='bbox 344 2546 572 2598; x_wconf 85' lang='lat' dir='ltr'><strong>diceremus,</strong></span> <span class='ocrx_word' id='word_1_605' title='bbox 598 2562 717 2599; x_wconf 87' lang='lat' dir='ltr'><strong>quum</strong></span> <span class='ocrx_word' id='word_1_606' title='bbox 742 2557 883 2596; x_wconf 84' lang='lat' dir='ltr'><strong>tamen,</strong></span> <span class='ocrx_word' id='word_1_607' title='bbox 907 2562 1005 2600; x_wconf 88' lang='lat' dir='ltr'><strong>quae</strong></span> <span class='ocrx_word' id='word_1_608' title='bbox 1033 2558 1072 2587; x_wconf 88' lang='lat' dir='ltr'><strong>et</strong></span> <span class='ocrx_word' id='word_1_609' title='bbox 1098 2550 1218 2600; x_wconf 86' lang='lat' dir='ltr'><strong>qualis</strong></span> <span class='ocrx_word' id='word_1_610' title='bbox 1233 2557 1329 2586; x_wconf 87' lang='lat' dir='ltr'><strong>esset</strong></span> <span class='ocrx_word' id='word_1_611' title='bbox 1347 2548 1524 2586; x_wconf 91' lang='lat' dir='ltr'><strong>locorum</strong></span> <span class='ocrx_word' id='word_1_612' title='bbox 1539 2549 1694 2600; x_wconf 86' lang='lat' dir='ltr'><strong>utilitas,</strong></span> <span class='ocrx_word' id='word_1_613' title='bbox 1718 2544 2011 2601; x_wconf 72' lang='lat' dir='ltr'><strong>praevidissent.</strong></span> 
     </span>
    </p>
   </div>
  </div>
 </body>
</html>
