2152 2691
887 77 1216 122 ,μω-Γ

84 201 320 239 Plutarchus
349 201 390 237 in
420 200 559 249 Galba,
581 212 663 251 cap.
691 197 879 251 98:³1⁷?-
904 200 949 240 δὲ
983 203 1129 253 adina,—
1147 199 1286 255 idquit,
1318 202 1393 241 τοῦ
1424 200 1571 254 Γάλβα
1602 205 1779 257 Πρίσκος
1808 201 2007 255 “Ελβίδιος

84 248 270 292 ἀνείλετο
295 252 369 289 τοῦ
387 247 576 300 ’Όθωνος
600 249 908 338 ἐπιτὲἑψαντσς.
959 255 1004 292 Id
1029 263 1158 292 autem
1185 255 1393 292 humanum
1418 252 1578 305 facinus,
1611 258 1719 307 quod
1746 258 1914 310 Tacitus,
1938 271 2005 295 ne·
2013 252 2033 273 ἦ

87 315 280 355 quaquam
310 314 458 353 aequus
486 302 632 339 Othoni
655 303 695 338 iu
724 314 790 348 ex,
814 311 975 345 tantum‘
990 305 1251 349 nonu-etiem
1274 317 1350 341 non
1373 306 1530 341 sanein
1558 305 1758 355 posterum
1784 309 1886 344 diem
1912 308 2007 344 dila-

87 361 170 391 tum
192 351 321 391 fuerit.
372 354 501 403 Atque
528 353 728 401 consentit,
752 365 802 392 ne
827 353 993 404 dubites,
1019 351 1174 392 Tacitus
1202 355 1294 404 ipse.
1346 356 1401 392 Ita
1427 356 1529 392 enim
1552 364 1643 406 post
1667 358 1899 407 compositas
1925 363 2007 395 tur-

87 404 156 440 bas
184 404 329 453 primas
356 415 389 440 c.
412 403 464 441 47
488 406 635 452 pergit:
666 404 818 440 Exacto
838 418 906 453 per
931 407 1068 442 scelera?
1086 407 1142 442 die
1167 408 1403 442 novissimum
1429 407 1611 443 malorum
1627 408 1705 455 suit
1731 409 1876 446 laetitia.
1934 410 2007 446 Vo-

87 463 147 490 cat
172 462 355 494 senatum,·
389 472 437 479 —
464 461 651 489 accurrunt
676 462 811 501 patres.
838 471 884 484 -a-
919 453 1195 492 Otho'vcruento
1222 456 1336 491 adhuc
1352 456 1444 505 soro
1466 468 1534 504 per
1565 465 1724 503 stragem
1754 459 1944 495 iacentium
1970 460 2007 494 in

93 504 312 554 Qitolium
336 512 443 551 atque
468 504 548 540 inde
574 505 611 540 in
635 504 829 541 Palatium
854 514 972 542 vectus
998 507 1141 543 'concedi
1174 518 1325 554 corpora
1355 507 1555 554 sepulturae
1587 509 1803 555 cremarique
1831 510 2006 556 permisit.

87 554 186 593 Post
221 553 319 590 haec
354 560 478 591 autem
517 554 646 591 atatim
683 562 893 605 sequuntur
930 556 1024 593 Piso
1048 563 1098 593 -et
1132 555 1286 604 Vinius,
1326 555 1394 592 ille
1433 570 1454 592 a
1484 557 1655 595 Verania
1696 569 1836 603 uxore,
1887 558 1952 594 hic
1983 571 2006 594 a

89 605 268 655 Crispina
300 603 382 641 filia
415 604 653 690 compositus
690 613 729 642 et
759 605 889 643 brevis
910 606 1128 666 ‘utriusque
1159 606 1233 644 viri
1259 606 1477 655 descriptio.
1537 608 1580 643 ln
1613 619 1712 657 quo,
1747 607 1852 658 quod
1878 606 2007 646 obiter

91 667 290 700 moneam,
321 666 401 691 non
425 668 501 705 pru
530 662 641 691 enter
673 655 787 692 nobis
817 664 953 693 contra
980 657 1157 693 codicem
1182 657 1287 695 Vinii
1312 656 1677 705 epitheton-verum
1704 659 1893 706 eripiunt3
1921 670 2008 695 cum

90 705 194 744 enim
218 705 441 743 nominetur
467 716 551 755 cap.
577 705 646 743 48:
688 708 822 753 audax,
849 708 997 752 calidus,
1015 717 1224 756 promptus3
1253 708 1419 744 callidum
1443 707 1603 743 malunt.
1628 707 1692 745 sed
1722 715 1857 745 contra
1884 707 2009 745 Taciti

90 755 290 802 iudicium,
317 755 422 806 quod
448 756 524 791 iam
540 755 622 805 ipsa
649 756 784 801 verba,
810 757 949 807 quibus
975 758 1054 794 hoc
1082 758 1342 794 circumdatur
1367 757 1551 801 medium,
1576 757 1854 795 demonstrant.
1880 769 2009 807 neque

89 805 219 843 minus
244 805 532 856 praecedentia.
582 806 680 842 Nam
707 815 819 844 antea
844 820 960 844 severe
988 810 1188 857 integreque
1213 807 1448 857 provinciam
1475 809 1580 845 rexit.
1627 808 1726 845 Mox
1757 808 1895 844 Galbae
1921 809 2009 845 ami-

91 858 178 893 citia
203 858 248 892 in
279 857 518 903 abruptum
548 865 746 901 tractus,
778 859 913 901 audax,
940 860 1075 894 calidus
1102 866 1174 894 etc.
1226 858 1361 894 Statim
1383 857 1502 906 igitur
1535 866 1627 905 post
1658 857 1758 893 hanc
1792 858 1945 894 Pisonis
1969 865 2010 894 et

90 904 200 946 Vinii
225 905 631 951 commemorationem
656 906 830 957 sequitur
862 908 1002 945 Galbae
1026 909 1088 944 diu
1118 908 1314 955 neglectum
1343 919 1483 956 corpus.
1533 907 1721 958 Idemque
1753 906 2010 958 comprobant

92 957 315 1007 sequentia:
356 956 472 1005 Caput
507 969 574 1005 per
606 957 703 994 lixas
745 959 956 1007 calonesque
989 958 1167 1009 suffixum
1200 980 1251 987 —-
1276 968 1473 1007 postera.
1495 959 1640 995 demum
1670 960 1741 995 die
1770 968 1946 1007 repertum
1976 966 2010 994 et

92 1017 251 1044 cremato
279 1008 525 1055 iamcorpori
551 1007 759 1044 admixtum
785 1018 846 1044 est.
902 1008 1144 1066 Quamquam
1173 1009 1293 1057 igitur
1321 1021 1390 1045 :res
1421 1015 1529 1045 certa
1556 1008 1728 1058 videtur,
1762 1008 1926 1044 afferam
1953 1015 2010 1044 ta-

92 1068 185 1094 men
209 1056 466 1094 memorabile
492 1056 697 1093 Plutarchi
723 1058 1005 1107 testimonium,
1036 1072 1075 1094 in
1102 1058 1238 1107 Galba,
1279 1070 1311 1094 c.
1334 1058 1404 1096 28:
1434 1057 1587 1108 ξέθαψε
1612 1055 1655 1094 δὲ
1681 1055 1821 1099 νυκτὸς
1844 1058 2011 1108 Αργεῖος

93 1103 390 1167 ἀπελεύθερος.
442 1107 530 1144 Non
558 1107 661 1144 enim
686 1115 837 1145 tantum
864 1108 968 1159 quod
994 1109 1084 1145 volo
1112 1107 1351 1157 comprobat,
1378 1108 1446 1144 sed
1474 1108 1601 1157 etiam,
1626 1115 1669 1144 ut
1693 1108 1756 1144 alii
1782 1109 1894 1145 multi
1921 1108 2011 1156 loci,

95 1171 186 1195 eum
201 1159 329 1195 Taciti
349 1157 462 1193 libris
484 1170 595 1193 usum
612 1158 818 1203 convincit,
838 1166 877 1194 et
893 1158 1070 1208 Argium,
1092 1170 1179 1194 cum
1199 1158 1261 1194 hic
1282 1158 1433 1194 dicatur
1446 1172 1463 1194 e
1476 1160 1660 1206 prioribus
1678 1161 1798 1206 servis,
1819 1159 2012 1208 interpre-

94 1215 216 1246 tatum
230 1220 312 1246 esse
328 1203 626 1258 ἀπελεύθερον,
642 1208 751 1258 quasi
762 1210 865 1256 prius
881 1220 1024 1245 servum
1036 1207 1207 1258 legisset.
1235 1207 1409 1244 Tertium
1424 1208 1553 1244 locum
1569 1209 1863 1258 transpositione
1878 1220 2013 1244 sanan-

94 1259 188 1297 dum
206 1260 361 1309 adpono
380 1257 571 1306 breviter,
600 1260 700 1296 Ann.
716 1259 820 1304 XIV,
842 1257 911 1296 20:
944 1257 1010 1295 An
1029 1259 1205 1295 iustitiam
1225 1260 1381 1307 augurii*
1390 1268 1423 1295 et
1441 1260 1603 1295 decurias
1625 1261 1782 1308 equitum
1799 1260 2013 1307 expleturos,

92 1311 126 1346 si
140 1310 287 1359 fractos
312 1321 424 1346 sonos
451 1318 483 1345 et
509 1309 726 1346 dulcedinem
753 1321 898 1354 vocum,
922 1330 974 1337 —-
999 1310 1182 1354 egregium
1209 1310 1386 1345 iudicandi
1411 1309 1561 1346 nmnus!
1596 1331 1647 1338 —
1667 1312 1781 1358 perite
1807 1308 2012 1346 audissent?

829 1395 832 1401 ·
887 1377 1002 1427 Anu.
1035 1375 1143 1422 XIII,
1175 1375 1260 1441 44.)ι

153 1483 158 1487 ,
282 1440 354 1477 111ε
379 1452 451 1477 uno
479 1428 563 1478 curn
586 1440 709 1479 liberto
726 1439 873 1489 ferrum
899 1437 991 1475 veste
1018 1438 1196 1475 occultum
1212 1436 1339 1487 infert.
1399 1431 1514 1486 Tum,
1546 1447 1585 1474 ut
1611 1439 1743 1475 assolet
1762 1440 1805 1488 *in
1830 1450 1954 1475 amore
1980 1448 2013 1475 et

96 1492 167 1541 ira,
194 1492 329 1538 iurgia,
350 1503 491 1538 preces,
519 1491 768 1538 exprobratio,
794 1489 1014 1538 satisfactio,
1045 1497 1077 1524 et
1099 1500 1190 1536 pars
1223 1482 1447 1540 tenebrarum
1476 1489 1617 1524 libidine
1641 1491 1808 1536 seposita.
1847 1481 1918 1524 Ex
1942 1487 2014 1536 qua

97 1543 259 1578 incensus
285 1541 373 1578 nihil
399 1549 614 1578 metuentem
627 1540 733 1590 ferro
761 1539 1017 1576 transverberat
1044 1544 1116 1575 etc.
1810 1550 1820 1555 -

284 1602 528 1657 Quamquam
552 1602 677 1638 iussus
703 1600 922 1638 verecunde
948 1608 1078 1637 tamen
1112 1599 1162 1636 ad
1186 1600 1290 1636 hunc
1316 1600 1445 1637 locum
1471 1599 1627 1636 accedo.
1669 1599 1890 1636 Dicendum
1917 1600 2015 1636 enim

97 1653 175 1691 erit
200 1660 338 1689 contra
362 1652 471 1687 Imm.
497 1650 734 1694 Belikerum,
758 1650 867 1686 cuius
894 1662 971 1686 non
996 1649 1120 1689 minus
1137 1662 1268 1685 rarum
1289 1649 1485 1699 ingenium
1503 1648 1686 1697 admiror,
1710 1661 1824 1697 quam
1851 1660 2015 1693 veneror

96 1703 216 1740 fidem
243 1701 448 1738 candidam
481 1707 519 1738 et
549 1700 818 1749 integritatem.
871 1701 906 1735 Is
940 1707 1063 1736 autem
1098 1711 1146 1734 ex
1181 1699 1326 1735 codicis
1360 1709 1516 1747 errore,
1550 1707 1584 1734 et
1618 1700 1774 1745 quastim
1808 1711 1931 1735 census
1957 1703 2039 1737 re-‘

100 1752 268 1803 scripsit,
290 1751 396 1802 quod
422 1763 540 1801 supra
564 1750 740 1800 legimus,
764 1750 836 1786 Ea:
861 1762 933 1797 qua
958 1751 1130 1786 incensus.
1157 1749 1219 1784 alii
1246 1756 1331 1786 ante
1356 1760 1456 1797 eum,
1481 1756 1525 1785 ut
1548 1747 1740 1785 librorum
1755 1747 2015 1798 interpolatio-

99 1815 167 1841 nes
194 1810 357 1849 taceam,
382 1815 454 1850 qua
480 1802 606 1838 statim
632 1802 806 1845 incensus,
832 1813 879 1837 ex
902 1811 1198 1848 qua-succensus,
1225 1812 1271 1835 ex
1296 1812 1367 1847 qua
1390 1801 1519 1835 statim
1545 1800 1722 1844 incensus,
1748 1811 1793 1834 ex
1817 1812 1888 1847 qua
1913 1809 2015 1840 aestu

100 1857 275 1901 incensus,
301 1862 335 1890 et
360 1853 465 1901 quasi
488 1853 668 1901 incensus,
691 1860 797 1900 atque
823 1852 874 1888 ita
901 1850 965 1888 vel
987 1851 1038 1887 sic
1064 1850 1233 1900 infensus,
1257 1859 1362 1899 atque
1387 1859 1488 1886 aestu
1514 1851 1692 1898 incensus,
1718 1850 1800 1885 exin
1825 1859 1941 1887 oestro
1967 1852 2016 1887 in-

100 1917 236 1943 census.
287 1904 331 1939 In
359 1902 420 1939 his
438 1901 628 1940 ‚omnibus
657 1903 759 1950 (una
790 1909 919 1938 tamen
946 1900 1127 1950 excepta)
1167 1900 1398 1938 coniecturis
1432 1901 1526 1937 haec
1557 1899 1721 1936 maxime
1755 1900 2015 1949 reprehendo.

101 1957 278 1994 Incensus
303 1952 482 1990 absolute
508 1964 585 1989 non
612 1950 788 2002 ponitur,
819 1952 889 1989 sed
923 1951 1084 2010 aliquod
1117 1951 1173 1987 sui
1208 1952 1526 2000 complementum
1562 1949 1767 1986 desiderat.
1818 1951 1862 1988 Id
1896 1964 2016 2001 quum

99 2007 166 2044 hic
191 2018 270 2041 non
297 2003 473 2048 addatur,
500 2002 567 2053 (de
593 2012 694 2039 aestu
720 2013 916 2053 oestroque
939 2002 1124 2051 deinceps
1142 2001 1336 2051 dicemus)
1353 2015 1375 2038 e
1396 2002 1548 2051 reliquo
1574 2008 1713 2037 tenore
1731 2000 1803 2038 erit
1827 2013 2016 2060 quaeren-

102 2057 208 2094 dum.
260 2054 306 2091 Id
333 2066 427 2092 vero
454 2052 539 2091 fieri
565 2064 670 2090 nunc
696 2065 773 2089 non
797 2065 922 2102 posse,
948 2053 1032 2102 ipsa
1062 2052 1245 2088 orationis
1273 2059 1410 2089 natura
1436 2052 1697 2089 demonstrat..
1711 2063 1756 2087 ea
1784 2063 1886 2088 emm
1904 2050 2016 2089 vehe-

101 2115 256 2144 menter
283 2104 332 2141 ad
358 2111 566 2141 extremam
601 2102 793 2143 ferociam
825 2103 1008 2140 festinans
1038 2102 1076 2138 in
1113 2103 1308 2153 sequentia
1338 2115 1463 2151 prona
1497 2101 1732 2151 proripitur,
1772 2114 1848 2138 non
1885 2101 2016 2150 priora

102 2158 210 2195 lente
233 2154 405 2204 respicit.
457 2154 532 2191 Sed
551 2161 595 2190 ut
618 2153 764 2204 aliquid
791 2154 989 2201 suppleas,
1020 2152 1115 2203 quid
1140 2151 1297 2189 sumes?
1335 2152 1489 2201 Libido,
1522 2163 1623 2202 quae
1652 2151 1829 2200 proxime
1860 2163 2017 2200 praece-

103 2208 176 2256 dit,
202 2206 292 2242 addi
320 2216 400 2241 non
425 2211 564 2253 potest.
590 2217 678 2241 nam
705 2216 752 2240 ex
777 2216 819 2240 ea
845 2203 870 2239 i.
897 2216 930 2240 e.
958 2204 1086 2240 statim
1111 2210 1202 2251 post
1235 2214 1321 2241 eam
1354 2200 1459 2239 ferro
1494 2201 1692 2244 mulierem
1720 2201 2015 2239 transverberat.

104 2255 373 2308 Atqueetiam
398 2254 431 2291 si
456 2267 533 2292 non
563 2254 734 2305 corrigas
761 2266 819 2299 ex,
846 2262 922 2289 non
944 2261 1071 2290 tamen
1099 2265 1145 2290 ea
1175 2252 1239 2289 ille
1263 2251 1425 2289 libidine
1449 2252 1628 2289 incensus
1655 2259 1771 2297 esset,
1806 2263 1903 2302 quae
1927 2251 2019 2299 prd-

103 2307 208 2346 xime
231 2313 386 2343 narrata
413 2312 482 2342 est.
535 2304 669 2354 Itaque
703 2304 866 2342 fortasse
897 2303 1182 2353 supplebimus,
1217 2316 1316 2355 quae
1352 2302 1480 2361 aliquo
1512 2302 1630 2340 modo
1662 2302 1821 2339 reticeri
1854 2306 2020 2350 poterat,

104 2366 147 2395 et
172 2356 222 2394 ab
247 2357 330 2393 aliis
356 2355 521 2403 additur,
545 2356 660 2399 iram,
691 2365 850 2399 aestum,
882 2364 1052 2391 oestrum.
1112 2354 1214 2390 Nihil
1250 2364 1353 2389 nunc
1387 2353 1514 2389 d1cam
1549 2353 1598 2389 ad
1635 2363 1795 2398 aestum,
1839 2351 1906 2401 qui
1945 2362 2019 2400 per

105 2421 146 2447 se
171 2408 212 2445 in
233 2406 309 2444 hac
345 2405 522 2444 oratione
553 2404 650 2443 ferri
682 2418 757 2442 non
789 2411 936 2455 potest,
974 2404 1040 2442 sed
1072 2403 1131 2441 ira
1163 2412 1243 2442 tota
1274 2415 1456 2452 perversa
1490 2411 1556 2442 est.
1607 2405 1703 2440 Nam
1731 2401 1837 2438 unde'
1858 2409 2020 2450 repente

106 2458 247 2508 aliquis
275 2469 324 2494 ex
345 2468 392 2493 ea
416 2456 576 2494 libidine
598 2456 695 2493 iram
723 2454 907 2506 colligat?
947 2454 1123 2492 Hoccine
1148 2452 1343 2492 naturale?
1374 2462 1450 2502 aut,
1473 2462 1517 2491 ut
1541 2452 1749 2503 aliquando
1774 2450 1862 2488 fieri
1886 2451 2021 2536 possi&

105 2521 199 2546 num
226 2508 276 2546 ad
302 2514 476 2546 ceteram
503 2505 720 2543 orationem
751 2514 810 2543 est
836 2513 967 2556 aptum
998 2511 1038 2541 et
1072 2502 1314 2555 congruens?
1344 2504 1433 2540 Hoc
1462 2504 1578 2546 enimv
1601 2503 1767 2539 alterum
1803 2509 1881 2551 est,
1914 2512 1992 2558 quo

104 2572 185 2598 non
210 2558 301 2596 satis
328 2556 583 2595 attenderunt.
635 2557 733 2594 Nam
771 2556 835 2594 ille
867 2569 945 2594 non
978 2563 1060 2593 tum
1083 2554 1255 2606 primum
1285 2553 1465 2592 incensus
1491 2554 1550 2591 ira
1577 2560 1647 2590 est.
1698 2551 1918 2592 Advenerat
1955 2549 2022 2587 111e
