2152 2691
917 82 1231 129 -14—

66 207 71 212 ’
115 207 308 261 placebat,
333 220 410 246 non
437 206 486 253 ad
513 208 551 244 id
573 205 749 245 refertur.
778 211 779 214 ’
801 205 988 245 Similiter
1013 217 1147 248 nostro
1164 200 1262 248 'loco
1288 199 1381 255 licet
1411 208 1577 260 scribas,
1610 212 1662 248 ita
1694 223 1718 249 a
1746 213 1944 259 maioribus
1976 215 2028 251 in-

108 261 295 305 ‘stantuna
316 258 520 297 subtrahere
544 258 656 295 oculi-3
680 260 753 295 etc.
805 256 1008 310 Siquidem
1033 261 1189 306 omnino
1214 259 1358 298 Latinis
1384 271 1509 311 vaeque
1543 268 1659 312 atque
1687 264 2028 314 Graecisusurpa-

114 318 199 347 tum
224 316 298 359 est,
321 309 532 360 praemisso
560 309 640 354 hoc,
665 310 730 358 ita,
752 305 898 361 τοῦτφε,
930 305 1031 359 ὦδε,
1056 313 1095 348 in
1116 311 1324 348 orationem
1340 310 1606 361 insequentem
1626 312 1831 351 advertere
1851 314 2029 362 animum,

142 372 349 412 uamquam
374 357 637 414 nihilldeinde
664 359 850 411 sequitur,
903 374 954 399 uo
979 361 1141 413 proprie
1165 361 1206 398 id
1225 373 1438 412 pronomen
1456 360 1798 402 demonstrativum
1818 366 2027 415 expleatur.

112 373 251 463 {eque
277 412 476 461 quisquam
502 409 580 447 hoc
602 410 770 460 ignorat,
795 420 861 449 aut
876 375 972 449 tillos
999 413 1106 450 locos
1133 425 1249 460 supra
1283 412 1478 462 appositos
1503 413 1695 451 similesve
1728 416 1896 454 tentavit.
1947 417 2028 453 Cur

112 461 246 512 itaque
272 460 336 497 hic
362 459 466 498 istud
492 472 708 510 pronomen
733 461 960 511 delebimus,
985 462 1076 512 quia
1103 461 1310 512 aliquando
1335 462 1514 500 Ernestio
1540 463 1665 502 minus
1692 464 1871 515 placebat
1896 473 1935 503 et
1960 464 2028 503 fn·-

113 523 212 563 gere
236 510 452 550 videbatur.
490 512 603 548 >Nam
630 511 787 550 omnino
819 511 1018 549 fatendum
1046 518 1124 561 est,
1157 512 1196 548 in
1221 522 1266 548 re
1298 512 1431 549 critica
1466 521 1579 563 atque
1614 516 1860 565 grammatica
1896 529 2027 566 praes-

108 560 260 611 tantem
281 561 393 597 illum
418 560 546 597 virum
573 561 702 611 potius
730 574 883 598 sensum
908 562 1075 612 aliquem
1100 560 1395 609 consuetudinis,
1420 563 1674 601 exercitatum
1701 577 1789 602 sane
1812 572 1925 616 atque
1939 566 2030 602 sub-

114 611 255 659 actum,
280 610 351 649 sed
377 618 507 648 tamen
532 612 733 657 incertum,
759 624 874 661 quam
897 619 1043 649 certam
1068 611 1203 656 iudicii
1232 611 1359 661 legem
1388 612 1494 663 seqni
1524 614 1716 657 maluisse.
1767 615 1857 670 Quo
1891 614 1952 663 fit,
1984 624 2028 653 ut

103 661 147 712 'si
173 661 330 716 quando
357 661 407 697 ad
431 661 637 710 legendum
663 661 789 698 minus
816 661 942 699 animo
968 662 1103 712 vigens
1131 674 1176 698 ac
1203 662 1347 698 solutus
1374 663 1601 714 accesserit,
1634 676 1751 713 saepe
1773 665 1895 703 soleat
1918 664 2027 702 litem

111 722 275 749 movere
301 709 421 747 rebus
455 710 671 747 insontibus
702 709 921 748 admodum.
980 713 1058 749 Est
1082 712 1200 764 igitur
1225 711 1277 748 *ad
1308 711 1408 748 illius
1445 713 1699 753 correctiones
1731 714 1954 754 iudicandas
1986 723 2028 752 ut

111 760 290 799 modeste
315 761 367 798 ita
394 768 506 798 caute
532 759 805 798 accedendum.
858 763 989 813 Atque
1015 761 1093 811 hic,
1116 770 1229 812 puto,
1254 774 1333 799 eam
1359 774 1598 812 spernemus.

905 832 1019 868 Ann.
1045 831 1154 882 xm,
1181 831 1242 881 18.

230 914 232 916 v
298 895 352 932 As
380 895 508 932 matris
533 895 588 931 ira
613 894 711 931 nulla
736 894 978 944 munificentia
1003 895 1115 940 lem‘ri,
1138 895 1202 931 sed
1224 895 1387 944 amplecti
1418 893 1628 942 Octaviam,
1650 894 1771 932 crebra
1794 907 1877 932 cum
1901 897 2027 933 amicis

112 955 246 983 secrem
269 946 413 990 habere,
444 957 549 994 super
585 946 782 992 ingenitam
812 946 1005 982 avaritiam
1037 946 1190 992 undique
1216 946 1387 993 pecunias
1416 946 1519 992 quasi
1552 946 1590 980 in
1615 946 1813 982 subsidium
1836 948 2026 994 corripiens·

112 996 275 1032 tribunos
302 1004 335 1031 et
359 996 580 1032 centuriones
604 996 755 1032 comiter
780 997 951 1044 excipere,
975 996 1124 1031 nomina
1149 1004 1183 1031 et
1210 997 1354 1036 virtutes
1378 995 1561 1041 nobilium,
1586 997 1649 1043 qui
1675 997 1784 1032 etiam
1809 1005 1887 1032 tum
1911 1008 2026 1045 super-

111 1055 224 1094 erant,
250 1047 288 1082 in
311 1046 447 1082 honore
472 1045 610 1091 habere,
636 1046 740 1094 quasi
765 1054 946 1093 quaereret
971 1045 1094 1082 ducem
1120 1054 1153 1081 et
1173 1054 1308 1093 partes.

297 1095 475 1143 Lipsium
510 1095 635 1131 secuti
668 1102 811 1131 tantum
846 1107 925 1131 non
958 1106 1089 1132 omnes
1121 1096 1296 1142 corripere
1330 1095 1541 1143 corrigunt.
1599 1093 1678 1130 Sed
1709 1107 1785 1131 non
1812 1101 1961 1132 temere
1985 1096 2024 1132 in

111 1144 291 1183 Tacitum
315 1145 395 1182 tale
419 1143 682 1183 invehendum
709 1151 793 1181 erat
819 1144 1150 1198 omoeoteleuton,
1176 1145 1213 1181 in
1244 1145 1441 1182 subsidium
1465 1144 1648 1192 corripere,
1675 1144 1834 1180 tribunos
1857 1147 2023 1194 esccipere.

110 1198 164 1233 Et
190 1195 296 1246 quod
321 1195 443 1231 maius
471 1203 540 1242 est,
565 1207 644 1231 non
671 1202 815 1231 temere
840 1195 881 1230 in
909 1194 1032 1231 aciem
1058 1194 1223 1243 primam
1248 1207 1312 1231 res
1332 1193 1610 1243 protrudenda,
1636 1206 1750 1243 quam
1764 1194 1830 1230 ille
1847 1197 2022 1232 consulto

110 1246 151 1282 in
177 1244 352 1282 subsidio
380 1244 599 1294 relinquere
626 1244 814 1282 voluerat.
867 1244 964 1280 Nam
991 1256 1108 1283 avara
1134 1243 1201 1280 illa
1224 1244 1380 1294 quidem
1407 1254 1563 1292 semper
1589 1243 1736 1289 fuerat3
1769 1250 1861 1281 tunc
1895 1252 2023 1282 autem

112 1295 218 1332 aliud
245 1307 365 1344 agens
392 1305 525 1331 omnes
548 1293 648 1331 vires
673 1294 713 1329 in
734 1301 860 1343 partes
887 1294 1026 1343 quovis
1051 1294 1170 1330 modo
1198 1294 1391 1343 augendas
1417 1293 1665 1339 intendebamv
1680 1293 1719 1328 in
1745 1306 1821 1351 quo
1841 1296 2022 1342 pecunias

111 1344 269 1397 quidem
293 1351 444 1381 tantum
469 1343 509 1380 in
536 1342 790 1381 instrumento
815 1343 993 1381 habebat.
1044 1344 1177 1394 Itaque
1203 1343 1287 1380 iure
1312 1342 1490 1393 pecunias
1527 1351 1726 1392 correptas
1758 1354 1796 1379 in
1822 1344 2023 1394 participio

110 1407 336 1433 memorans.
361 1406 412 1431 ex
441 1393 689 1444 reliquorum
726 1394 976 1431 consiliorum
1009 1394 1149 1431 ordino
1181 1394 1320 1439 eximit,
1346 1405 1443 1443 quae
1476 1393 1604 1429 omnia
1638 1393 1686 1430 ad
1719 1393 1888 1439 homines
1920 1395 2026 1431 colli-

108 1444 261 1496 gendos
294 1443 540 1492 referuntur,
580 1442 803 1494 Octaviam,
837 1443 1002 1492 amicos,
1033 1443 1222 1493 tribunos,
1263 1443 1529 1492 centuriones,-
1553 1442 1714 1480 nobiles,
1769 1442 1868 1499 Quia
1901 1451 2028 1482 autem

98 1494 358 1534 -centuriones
381 1492 607 1544 tribunique
640 1494 804 1533 comiter
835 1501 941 1532 erant
978 1494 1217 1545 excipiendi,
1255 1506 1370 1532 avara
1396 1493 1468 1531 ista
1493 1494 1644 1544 mulier,
1669 1495 1777 1545 quasi
1803 1494 1882 1533 eius
1907 1494 1965 1533 rei
1982 1497 2021 1533 in

110 1545 335 1594 subsidium,
359 1543 543 1582 intentius
568 1544 751 1594 pecunias
783 1543 1030 1595 corripiebat.

891 1614 1008 1650 Ann.
1033 1614 1144 1663 xm,
1168 1600 1232 1652 19:

299 1688 438 1726 Statim
462 1689 625 1725 relictum
648 1687 874 1736 Agrippinae
898 1687 1016 1724 limen.
1057 1687 1181 1724 Nemo
1213 1688 1342 1733 solari,
1373 1700 1477 1725 nemo
1509 1690 1622 1733 adire,
1646 1696 1790 1736 praeter
1810 1700 1947 1736 paucas
1960 1691 2022 1741 se-

109 1742 240 1786 minas,
263 1748 389 1777 amore
413 1751 462 1776 an
485 1739 571 1776 odio
596 1739 757 1775 incertas.

294 1806 417 1842 Miror
440 1805 642 1855 profecto,
674 1805 781 1857 quod
807 1818 886 1843 uno
922 1793 1131 1845 Waltliero
1165 1812 1342 1855 excepto,
1368 1818 1501 1844 omnes
1535 1804 1884 1856 interpolationem,
1916 1810 2019 1847 incer.

109 1869 189 1897 tum
210 1855 414 1907 praeferre
438 1856 564 1893 video.
615 1857 713 1893 Nam
747 1869 873 1893 nonne
907 1857 1024 1893 etiam
1058 1855 1207 1893 Graece
1245 1856 1345 1905 ipsas
1381 1868 1444 1893 eas
1471 1856 1627 1893 feminas
1659 1851 1827 1904 ἀδήλους
1858 1871 2018 1901 vocares

109 1907 228 1959 φιλίᾳ
255 1902 278 1957 ἢ
304 1906 422 1953 ἔχθει
447 1902 764 1956 παρελθούσαις-Σ)
798 1906 918 1957 Atqui
944 1907 1060 1956 plane
1086 1905 1221 1942 eadem
1245 1918 1309 1942 res
1330 1912 1389 1943 est
1409 1906 1447 1942 in
1469 1906 1694 1943 Latinorum
1711 1908 1851 1944 incerto.
1878 1906 2038 1963 Quam?

110 1971 227 2010 quam
253 1957 351 1995 enim
377 1956 441 1994 hic
470 1969 559 1994 usus
586 1956 691 2005 apud
718 1957 876 1993 Latinos
902 1969 979 1992 non
1006 1955 1205 2002 tamlate,
1236 1969 1352 2006 quam
1375 1957 1479 2006 apud
1504 1956 1673 1993 Graecos
1700 1964 1804 2005 patet
1812 1970 1824 2004 3
1851 1958 1935 2007 plus
1962 1967 2018 1996 ta-

107 2020 199 2046 men
222 2009 263 2044 in
289 2006 429 2043 talibus
456 2006 583 2044 Taciti
610 2018 749 2044 aevum
776 2005 848 2042 sibi
881 2006 998 2043 licere
1028 2005 1195 2055 putavit,
1229 2018 1342 2056 quam
1368 2005 1611 2057 antiquiores.
1663 2007 1715 2042 Et
1748 2006 1785 2042 in
1820 2007 1903 2057 ipso
1936 2010 2018 2059 qui-

108 2059 195 2097 dem
221 2057 379 2105 nomine
410 2057 449 2093 id
484 2057 653 2107 positum
686 2063 764 2105 est,
797 2063 840 2093 ut
867 2068 935 2093 sua
966 2063 1104 2093 natura
1138 2055 1252 2105 plane
1314 2056 1407 2094 ossit
1439 2056 1477 2093 in
1509 2069 1622 2094 usum
1655 2056 1845 2093 Graecum
1875 2060 2018 2097 vocari.

107 2110 151 2147 si
177 2108 334 2160 quidem
361 2106 531 2144 incertus
558 2120 636 2145 non
663 2106 781 2144 modo
807 2106 840 2142 is
867 2113 938 2153 est,
963 2106 1031 2157 qui
1057 2105 1207 2143 dubitat
1233 2114 1272 2144 et
1323 2118 1373 2143 uc
1399 2107 1492 2143 illuc
1517 2105 1639 2145 fertur
1672 2113 1710 2144 et
1741 2105 1917 2155 fluctuat,
1949 2109 2016 2147 sed

107 2158 295 2206 etiamis,
321 2158 437 2208 quem
464 2156 542 2193 fide
569 2165 743 2207 suspecta
770 2168 841 2193 nos
867 2156 907 2192 in
933 2157 1093 2194 dubium
1127 2168 1327 2204 vocamus3
1366 2157 1473 2193 velut
1504 2158 1648 2194 amicus
1676 2156 1846 2194 incertus
1878 2166 1955 2196 tam
1986 2161 2018 2197 is

107 2218 180 2259 est,
201 2208 267 2246 'cui
293 2219 364 2244 nos
391 2206 508 2243 fidem
536 2207 789 2257 denegamus,
823 2218 939 2257 quam
964 2207 1029 2257 qui
1055 2206 1273 2243 inconstans
1300 2213 1377 2252 est3
1411 2215 1447 2244 et
1478 2207 1666 2245 incertum
1692 2207 1767 2243 iter
1791 2220 1867 2245 non
1893 2209 2018 2246 solnm

104 2259 161 2306 id,
186 2257 292 2309 quod
315 2257 448 2294 tenuia
480 2263 627 2294 tantum
653 2257 774 2294 refert
801 2256 976 2307 vestigia,
1000 2255 1070 2294 sed
1097 2255 1211 2294 etiam
1238 2256 1291 2304 id,
1318 2256 1425 2307 quod
1459 2270 1506 2293 an
1533 2258 1582 2295 ad
1607 2256 1743 2305 finem,
1777 2270 1889 2308 quem
1923 2258 2019 2307 peti-

102 2321 205 2357 mus,
230 2319 300 2345 nos
325 2314 529 2344 vecturum
555 2306 617 2354 sit,
643 2306 872 2343 dubitamus.

291 2356 367 2394 Sed
394 2368 444 2393 ne
470 2356 608 2406 optimi
642 2355 773 2402 amici,
805 2355 874 2406 qui
905 2367 968 2392 me
998 2355 1038 2392 in
1071 2354 1171 2392 hanc
1200 2356 1434 2406 palaestram
1467 2356 1637 2403 vocavit,
1672 2356 1748 2393 iam
1783 2356 1928 2394 dudum
1958 2371 2019 2396 ex-

105 2408 242 2445 hausta
268 2406 452 2457 patientia
480 2410 539 2454 sit,
563 2405 815 2445 vehementer
840 2417 989 2442 vereor.
1034 2406 1169 2456 Itaque
1194 2406 1322 2443 missis
1347 2405 1407 2444 his
1433 2407 1644 2445 levioribus
1671 2406 1785 2444 rebus
1812 2406 1858 2443 ad
1885 2419 1930 2445 ea
1955 2421 2022 2446 ve-

93 2459 266 2503 ·niamus‚
289 2468 389 2508 quae
418 2456 486 2494 ille
511 2457 678 2503 maiora,
703 2456 772 2493 sed
799 2469 820 2492 a
853 2468 915 2493 me
947 2455 1048 2492 male
1082 2457 1304 2494 transmissa
1337 2458 1611 2508 conqueritur:
1652 2459 1703 2495 Et
1736 2456 1902 2507 primum
1937 2459 2021 2509 qui-

89 2505 194 2546 ⁴dem
221 2507 286 2545 ille
311 2518 360 2544 ex
385 2518 449 2544 me
472 2507 637 2557 quaerit,
664 2506 759 2560 quid
787 2507 949 2543 sentiam
977 2507 1025 2544 de
1274 2509 1277 2512 '
