2152 2691
870 74 928 85 -.
992 51 1183 97 21,-

72 186 212 235 iratus,
247 191 358 234 atqua
395 179 508 217 ferox
544 178 638 216 illud
674 177 875 214 consilium
908 177 1195 215 interficiendae
1232 185 1321 227 post
1352 178 1544 227 expletam
1578 176 1777 214 libidinem
1802 174 1977 212 mulieris

70 246 219 275 certum
246 243 284 271 et
308 237 532 281 promptum
558 228 750 279 attulerat,
775 240 825 272 ne
850 228 889 264 in
916 228 1010 265 alius
1035 235 1264 277 potestatem
1289 229 1450 266 veniret.
1481 228 1525 265 Id
1552 236 1592 265 et
1614 235 1694 264 tota
1719 226 1846 264 oratio
1865 236 1978 274 prae-

73 287 214 324 cedens
240 289 372 330 aperte
395 283 585 316 monstrat
610 288 649 316 et
673 292 791 328 supra
815 280 990 328 apposita
1012 279 1134 315 verba
1158 279 1297 327 prima:
1341 280 1411 315 Ille
1436 292 1517 315 uno
1545 291 1628 315 cum
1659 279 1780 314 liberto
1810 277 1981 325 ferr-um

73 338 152 375 sub
187 341 301 371 veste
335 329 555 367 occultum
583 328 699 379 infert.
746 329 875 380 Itaque
900 328 994 365 nihil
1019 340 1122 378 ages,
1145 329 1177 364 si
1202 328 1300 364 iram
1327 328 1376 365 de
1403 329 1607 364 amantium
1639 326 1783 364 invidia
1809 333 1849 361 et
1871 325 1979 362 zelo-

72 388 173 435 typia
199 379 535 428 interpretaberis,
566 392 682 431 quam
711 392 801 415 sane
833 379 1029 417 notionem
1055 378 1113 415 ira
1139 391 1181 416 ea
1208 378 1247 415 in
1274 391 1316 416 re
1349 378 1547 428 propriam
1580 377 1711 414 habet.
1762 375 1861 412 Nam
1897 386 1976 413 non

71 444 150 472 tum
177 437 235 467 est
260 430 438 464 incensus
465 429 534 465 ira.
585 429 785 486 Siquidem
811 431 971 466 incensus
997 442 1192 478 nunquam
1219 429 1414 477 participii
1439 436 1615 464 naturam
1641 427 1820 476 deponit,
1853 437 1977 475 neque

44 515 50 517 .
70 487 108 521 in
135 479 312 519 adiectivi
338 479 509 515 indolem
534 488 720 516 transwns
744 488 970 529 perpetuum
997 478 1111 514 animi
1138 477 1324 515 affectum
1347 477 1539 524 describit,
1563 477 1632 514 sed
1658 489 1743 514 eum
1767 481 1895 524 notat,
1914 473 1977 524 qui

68 544 172 570 nunc
197 528 414 566 incenditur
439 530 502 565 vel
528 530 707 566 incensus
732 538 800 566 est.
852 532 984 579 Itaque
1011 529 1117 565 omni
1143 528 1263 565 modo
1291 529 1331 564 id
1357 528 1523 566 verbum
1548 527 1689 564 falsum
1715 533 1792 576 est,
1827 537 1873 562 ac
1899 524 1977 561 tale

68 579 350 624 inveniendum,
376 592 454 629 quo
480 580 655 617 immanis
684 580 753 616 iste
776 579 898 628 furor,
925 591 1000 630 quo
1023 579 1087 616 illc
1111 579 1332 628 mulierem,
1356 587 1564 630 postquam
1592 590 1631 615 se
1656 585 1779 614 totam
1805 576 1885 613 eius
1909 586 1978 612 vo-

66 631 203 668 luntati
227 630 452 675 tradiderat,
468 630 665 679 *dissoluto
690 637 852 679 pectore
876 630 970 666 nihil
999 637 1238 666 metuentem
1264 629 1572 675 transverberat,
1599 627 1788 665 mollitiae
1819 636 1978 676 praece-

68 681 174 719 denti
199 677 355 716 fortiter
382 688 656 729 opponeretur.
704 680 748 716 Id
775 688 905 717 autem
931 679 1095 717 verbum
1121 679 1197 715 iam
1221 681 1378 717 Ernesti
1405 691 1565 716 acumen
1592 678 1748 716 invenit.
1797 675 1978 713 Scriben-

68 733 160 769 dum
185 739 245 767 est
270 730 500 766 enim'haud
526 731 661 767 dubie:
695 732 765 767 Ex
800 744 871 778 qua
897 732 1022 768 statim
1047 730 1205 779 infensus
1230 731 1319 771 nihil
1340 740 1553 768 metuentem
1569 729 1675 779 ferro
1711 728 1978 766 transverberat.

54 784 189 819 Recte
215 782 315 817 enim
343 793 389 817 ex
414 794 494 829 qua.
523 789 578 818 est
602 780 703 817 enim
731 781 914 818 continuo
948 792 994 817 ea
1029 780 1127 817 actio
1159 780 1275 817 ferox
1308 780 1484 817 addenda
1509 779 1669 816 libidini.
1727 780 1781 815 Et
1810 783 1978 827 propter

68 831 229 868 eandem
255 842 409 867 causam
435 831 592 880 vestigia
628 831 773 866 codicis
804 833 929 867 statim
963 830 1197 868 ostendentis
1231 844 1309 868 non
1344 843 1497 880 sperno.
1547 831 1644 866 Nam
1679 842 1767 867 cum
1800 826 1848 865 ad
1875 828 1977 864 hanc

65 880 308 918 ferocitatem
336 892 430 931 prae
461 880 644 917 arandam
674 881 795 916 omnis
819 880 1060 929 praecedens
1087 880 1212 916 oratio
1241 882 1455 929 composita
1482 880 1543 927 sit,
1562 891 1705 929 magno
1727 880 1859 928 aliquo
1879 887 1979 927 pon-

53 931 163 969 dere
191 931 274 981 ipsa
302 893 478 980 augenda
506 939 576 969 est.
602 931 779 981 infensum
805 939 946 980 autem,
974 930 1078 982 quod
1105 931 1275 968 animum
1302 929 1768 980 hostilemlhostilemque
1781 927 1977 965 actionem

69 982 274 1032 coniungit,
299 981 398 1030 vide,
424 989 566 1031 quanto
594 994 683 1019 cum
709 988 864 1017 terrore
891 981 1017 1018 amori
1050 993 1182 1018 necem
1222 982 1390 1030 copulet.
1441 982 1576 1031 Neque
1606 980 1826 1025 alliteratio,
1851 978 1978 1027 infen-

65 1044 128 1068 sus
145 1033 257 1081 ferro
284 1031 586 1077 transverberat,
621 1043 713 1067 casu
746 1038 834 1068 nata
869 1031 938 1068 sed
975 1030 1150 1068 consulto
1184 1031 1356 1080 quaesita
1381 1029 1507 1068 fuerit.
1557 1031 1638 1067 Nos
1664 1028 1827 1067 fortasse
1852 1026 1977 1076 magis

65 1078 286 1119 etiam'vim
314 1081 497 1118 orationis
523 1081 748 1128 sentiamus,
789 1082 822 1118 si
855 1082 1043 1131 scriptum
1076 1081 1144 1127 sit,
1175 1093 1230 1118 ex
1256 1094 1327 1130 qua
1359 1083 1485 1119 statim
1517 1081 1647 1131 infesto
1663 1081 1769 1131 ferro
1795 1078 1884 1116 nihil
1906 1088 1977 1113 me·

65 1141 220 1169 tuentem
245 1133 511 1169 transverberat.

841 1201 952 1237 Ann.
985 1201 1092 1250 xm,
1118 1199 1182 1238 55.

247 1261 453 1309 Boiocalus
481 1261 560 1298 dux
580 1262 921 1311 ,Ampsivariorum
947 1276 1061 1313 agros
1090 1276 1112 1299 a
1138 1262 1217 1300 suis
1244 1270 1454 1311 occupatos
1480 1269 1523 1300 ut
1552 1270 1681 1300 tenere
1710 1260 1828 1298 liceat
1857 1257 1974 1297 Avito

62 1311 292 1362 persuadetz
333 1313 498 1364 Quotam
519 1320 661 1361 partem
687 1314 805 1360 campi
830 1315 953 1360 iacere,
979 1315 1017 1350 in
1044 1326 1153 1361 quam
1174 1324 1307 1361 pecora
1333 1322 1365 1348 et
1399 1322 1561 1350 armenta
1593 1313 1749 1349 militum
1781 1309 1974 1360 aliquando

63 1363 407 1399 transmitterentur?
448 1361 636 1399 servarent
661 1374 746 1398 sane
772 1372 929 1411 receptos
951 1364 1121 1409 gregibus
1147 1365 1237 1399 inter
1268 1363 1457 1399 hominum
1471 1363 1642 1412 samam;
1676 1362 1787 1400 modo
1820 1372 1866 1395 ne
1897 1370 1976 1395 vas-

62 1415 202 1450 titatem
227 1422 262 1449 et
285 1413 512 1449 solitudinem
537 1413 695 1457 mallent,
719 1425 829 1461 quam
853 1414 992 1450 amicos
1012 1414 1181 1462 populos.
1485 1431 1499 1439 κ

247 1471 364 1526 Quod
389 1487 467 1511 non
495 1473 616 1510 semel
642 1473 736 1509 mihi
760 1474 799 1509 in
825 1474 1184 1524 hac—disquisitione
1198 1474 1454 1524 praefandum
1469 1474 1552 1522 fuit,
1578 1487 1640 1512 me
1664 1486 1742 1510 non
1767 1480 1845 1509 tam
1872 1482 1975 1509 nova

61 1521 264 1574 proferre,
297 1536 412 1574 quam
445 1531 577 1560 vetera
612 1522 860 1573 confirmare,
893 1523 934 1560 id
966 1525 1005 1560 in
1038 1523 1190 1560 difficili
1226 1523 1302 1562 hoc
1333 1525 1422 1562 loco
1456 1537 1591 1560 rursus
1620 1522 1877 1573 repetendum
1903 1528 1974 1558 est.

61 1576 119 1611 Ita
149 1585 198 1609 ue
224 1573 378 1623 quando
406 1573 552 1623 cogito,
583 1586 698 1623 quam
723 1587 839 1622 saepe
865 1572 951 1621 fiat,
974 1587 1053 1611 non
1080 1575 1205 1612 solum
1226 1574 1266 1611 in
1290 1574 1408 1611 rebus
1435 1574 1608 1611 maximis
1632 1573 1878 1623 iudicatuque
1901 1570 1975 1608 dif-

63 1623 127 1661 fici
144 1623 264 1672 limis,
290 1623 370 1659 sed
400 1623 511 1660 etiam
545 1622 584 1658 in
619 1623 723 1659 hisce
752 1624 905 1660 minutis
940 1631 980 1660 et
1011 1623 1248 1668 illustribus,
1288 1633 1331 1660 ut
1358 1637 1458 1674 quae
1484 1625 1663 1672 priorum
1687 1623 1886 1659 hominum
1912 1622 1975 1658 vel

61 1673 216 1723 ingenia
242 1672 465 1710 extuderint
489 1672 553 1710 vel
578 1672 767 1710 industria
791 1673 948 1723 pararit,
974 1685 1020 1710 ea
1042 1680 1261 1723 contempta
1278 1673 1428 1710 iaceant
1436 1686 1448 1720 3
1470 1681 1509 1710 et
1529 1673 1681 1725 quando
1699 1671 1852 1719 deinde,
1870 1670 1975 1708 unde

62 1723 104 1758 id
126 1722 306 1759 accidere
330 1723 466 1769 soleat,
492 1722 595 1771 apud
621 1723 789 1758 animum
815 1731 968 1774 reputo,
994 1723 1089 1761 duas
1114 1724 1346 1773 plerumque
1374 1735 1506 1760 causas
1526 1723 1623 1761 mibi
1638 1723 1773 1760 videor
1785 1712 1975 1769 invenire,

59 1784 109 1809 ex
134 1771 273 1823 quibus
301 1785 346 1810 ea
372 1786 436 1810 res
463 1780 500 1810 et
525 1772 783 1812 scribentibus
810 1774 930 1811 tristis
957 1782 993 1811 et
1018 1774 1217 1811 literarum
1243 1773 1479 1811 incrementa
1505 1774 1632 1825 inique
1657 1772 1856 1817 retardans
1881 1783 1974 1821 pro-

62 1821 268 1859 ficiscatur.
321 1823 495 1878 Quarum
522 1823 641 1860 altera
666 1820 763 1860 haec
789 1830 856 1870 est,
883 1824 987 1874 quod
1012 1824 1192 1874 plerique
1217 1823 1392 1860 homines
1421 1837 1501 1866 non
1527 1836 1573 1860 ea
1601 1837 1677 1875 qua
1704 1822 1866 1859 decebat
1885 1820 1974 1858 sub-

60 1873 216 1918 tilitate,
248 1873 343 1922 quid
366 1874 429 1910 alii
454 1874 638 1921 sentiant,
671 1873 889 1925 inquirunt3
925 1874 1046 1910 altera
1073 1886 1187 1923 vero,
1221 1873 1328 1925 quod
1359 1874 1429 1925 qui
1464 1874 1641 1912 scribunt
1658 1872 1882 1924 ‚legentium
1906 1871 1974 1910 vel

60 1921 292 1961 festinationi
313 1924 600 1973 vvel1supinitati
626 1937 702 1961 non
729 1924 817 1961 satis
843 1924 1054 1975 indulgent,
1081 1924 1150 1961 sed
1175 1936 1273 1974 quae
1300 1932 1413 1961 erant
1434 1926 1641 1974 perspicue
1666 1923 1857 1973 docenda,
1881 1921 1972 1960 satis

61 1973 207 2010 habent
233 1973 396 2011 obscure
421 1973 670 2023 significasse.
721 1975 824 2012 Hinc
850 1975 967 2025 igitur
991 1975 1031 2011 in
1056 1987 1100 2012 re
1125 1981 1259 2011 nostra
1291 1974 1438 2012 factum
1469 1975 1639 2025 videtur,
1671 1982 1715 2012 ut
1740 1973 1973 2021 Gronovius,

62 2031 101 2061 at
125 2031 287 2074 quantae
312 2023 373 2061 vir
399 2024 654 2071 auctoritatis,
679 2037 757 2062 non
784 2025 833 2063 sit
856 2025 1004 2063 auditus
1014 2025 1075 2074 *);
1110 2024 1401 2075 videndumque
1429 2033 1501 2073 est,
1525 2039 1574 2062 an
1594 2025 1702 2076 quod
1720 2024 1822 2062 illius
1842 2031 1970 2061 aucto-

165 2163 202 2204 ⁸)
245 2162 302 2195 Sic
330 2164 422 2195 enim
450 2166 509 2198 ille
536 2167 637 2200 Obss.
661 2168 688 2208 1,
709 2169 741 2208 4,
763 2178 841 2217 pag.
862 2169 916 2209 35,
940 2167 994 2200 ed.
1016 2168 1137 2201 Platn=
1169 2169 1284 2216 Quam
1313 2172 1472 2215 exiguam
1502 2172 1549 2204 ait
1578 2181 1651 2203 esse
1683 2175 1817 2213 partem
1842 2168 1969 2210 campi,

246 2212 338 2245 quae
364 2215 436 2236 non
463 2207 606 2248 quidem
630 2209 674 2239 ab
707 2209 788 2251 ipsis
816 2209 989 2246 veteranis
1022 2209 1180 2241 deductis
1212 2217 1247 2242 et
1275 2212 1482 2254 assignando
1510 2218 1679 2254 occupata
1709 2214 1812 2247 esset3
1844 2207 1906 2239 sed
1931 2208 1970 2239 in

244 2253 351 2292 fluam
377 2255 600 2279 communem
622 2248 727 2280 modo
754 2258 882 2291 pecora
903 2248 1096 2291 aliquando
1123 2256 1158 2282 et
1178 2258 1335 2283 armenta
1350 2253 1566 2293 agerentur?
1608 2253 1683 2296 Qua
1696 2248 1970 2290 interrogatione

242 2290 359 2332 innuit
380 2286 484 2328 longe
506 2289 688 2321 maximam
709 2295 845 2330 partem
867 2298 1002 2322 vacare.
1043 2291 1222 2324 'renerent
1244 2302 1337 2330 sane,
1354 2299 1487 2337 pergit,
1508 2303 1606 2335 agros
1629 2290 1705 2329 soli,
1731 2299 1798 2320 nec
1813 2299 1970 2321 commu-

243 2332 426 2374 ¹¹¹cf³re¹¹f‚;
439 2337 529 2375 (11195
544 2340 685 2377 ‚pecore
709 2331 851 2361 inducto
877 2330 969 2362 inter
991 2332 1174 2364 hominum
1198 2334 1445 2366 habitationem
1471 2333 1700 2380 recepissent:
1731 2329 1839 2362 modo
1856 2330 1891 2361 in
1914 2340 1968 2363 ce-

244 2371 339 2401 ter-m,
361 2376 423 2408 qm
447 2377 565 2408 οοιοει,
588 2371 731 2410 exclusi,
753 2377 786 2402 et
808 2370 845 2401 in
868 2371 1009 2403 nullum
1030 2372 1214 2404 hominum
1238 2385 1342 2405 usum
1375 2373 1531 2405 conversi
1555 2376 1726 2407 iacerent,
1756 2381 1802 2403 ne
1823 2371 1972 2404 mallent

241 2406 412 2456 vastitiem
437 2413 470 2439 et
490 2410 706 2452 squalorem,
730 2421 836 2483 {uam
858 2411 987 2443 amicos
1013 2413 1167 2461 populos
1190 2415 1357 2446 colentes.
1379 2431 1421 2439 —-
1451 2414 1528 2445 Non
1562 2412 1599 2443 in
1622 2411 1786 2443 omnibus
1811 2421 1868 2442 me
1898 2421 1970 2443 ma-

243 2456 312 2516 ἒιο
335 2450 648 2496 viro-assentirests
676 2463 711 2494 q.
761 2458 874 2483 ocent.
909 2452 1037 2494 Neque
1059 2464 1133 2495 :pse
1152 2455 1231 2485 satis
1252 2455 1319 2485 sibi
1343 2460 1484 2487 constat.
1517 2453 1605 2485 Nam
1625 2452 1753 2485 deinde
1770 2451 1818 2484 ita
1834 2463 1901 2494 per
1925 2453 1969 2485 ‘tx

278 2495 391 2534 eceptn
416 2495 523 2530 igitur
549 2489 641 2522 inter
689 2492 848 2523 ominum
871 2492 1000 2524 famam
1021 2494 1106 2536 agri,
1132 2494 1194 2535 qui
1215 2503 1288 2525 non
1309 2500 1393 2526 sunt
1413 2494 1529 2526 emissi
1553 2500 1587 2526 et
1610 2493 1739 2526 exclusi
1760 2499 1855 2526 extra
1873 2462 1969 2526 hagbi-

243 2530 411 2561 tat1onem
434 2536 468 2563 et
490 2530 624 2563 cultum
647 2535 852 2574 humanum,
875 2539 940 2566 etc.
