2152 2691
931 66 1217 110 ...3-

1929 151 1944 180 Χ

111 199 287 250 forttmae
311 206 457 233 maeror
480 192 648 245 afficeret.
698 192 905 229 Desolatus
924 193 1106 243 paulatim
1131 192 1240 228 etiam
1263 191 1446 230 servilibus
1471 195 1675 234 ministeriis
1695 207 1760 245 per
1789 197 2031 244 intempestiva

119 259 289 287 novercae
307 243 450 331 fifficia,
476 246 512 281 in
537 243 727 280 ludibrium
752 243 906 280 vertebat
932 243 1128 289 intelligam
1145 241 1245 294 falsi.
1359 246 1374 252 “

349 305 426 332 unc
457 294 589 330 locum
625 304 766 341 magna
805 300 845 329 et
882 293 1130 329 coniecturae
1170 298 1206 328 et
1237 291 1561 340 interpretationis
1598 295 1782 333 varietate
1818 302 2034 342 tentarunt3

111 345 214 386 mihi
240 352 371 384 autem
395 344 468 381 hac
493 341 802 393 interpunctione
826 342 892 381 vix
921 341 1132 394 quidquam
1159 340 1402 378 obscuritatis
1436 343 1607 382 residere
1630 344 1795 384 videtur.
1845 345 1941 382 Nam
1965 345 2034 382 ille

117 409 193 448 per
216 394 709 445 intempestiva-novercae
726 392 855 430 officia
883 392 1054 444 (volebat
1078 392 1187 437 enim,
1211 404 1331 441 quum
1357 390 1589 432 novercalia·
1603 396 1689 432 odia
1712 403 1926 442 exerceret,
1950 394 2035 434 offi-

117 447 225 485 eiosa
249 443 389 495 videri)
417 444 612 481 desolatus
638 442 677 479 in
703 442 914 480 ludibrium
939 441 1117 480 vertebat
1140 441 1179 478 id
1205 440 1345 479 falsum
1371 453 1442 480 seu
1469 455 1553 481 eam
1576 444 1790 492 falsitatem,
1816 445 1894 483 eius
1928 444 2033 499 falsi)

115 497 349 549 intelligens.
400 494 531 552 Quum
553 501 695 540 autem,
720 501 765 530 ut
791 505 864 546 ego
889 494 1105 531 orationem
1130 492 1284 530 solvens
1310 492 1429 530 modo
1455 494 1609 534 locutus
1634 509 1729 545 sum,
1754 507 1868 537 nemo
1892 497 2036 534 Roma-

118 561 193 587 nus
217 548 411 599 loquatur,
436 546 553 597 plane
579 544 718 584 Latino
745 557 856 582 more
883 544 996 591 dicit,
1033 546 1070 582 in
1102 544 1292 580 ludibrium
1325 544 1478 582 vertebat
1511 547 1706 595 intelligens
1728 547 1831 599 salsi.
1882 545 2035 602 Quodsi

118 601 161 637 in
185 598 319 637 codice
342 604 410 642 est,
436 595 544 647 quod
570 595 619 632 ab
649 595 733 632 aliis
758 594 859 632 tradi
883 594 1012 641 video,
1030 595 1122 681 llam
1146 607 1195 638 se,
1221 593 1414 644 corrigam
1429 596 1565 646 falsae,
1596 606 1640 635 ut
1665 597 1714 635 ad
1742 609 1949 637 novercam
1974 607 2035 633 re-

116 649 278 696 feratur,
303 649 340 685 in
366 647 557 684 ludibrium
583 646 737 683 vertebat
762 644 962 696 (matrem)
978 645 1028 695 fa
1041 657 1103 682 sae
1128 644 1336 692 intelligam.

955 733 1026 756 nn.
1064 720 1137 756 XII
1236 745 1246 755 .
1299 727 1302 732 “

167 824 176 834 .
304 771 412 808 Haec
436 792 488 799 —
509 771 631 819 plures
650 782 719 819 per
741 782 857 807 annos
887 721 993 817 geAsta
1018 717 1280 816 contun'xzflone
1309 768 1425 805 divisa
1456 769 1554 807 haud
1575 773 1730 820 proinde
1753 772 1802 809 ad
1822 771 2035 809 memoriam

118 836 176 862 sm
201 823 394 918 odenati-c,
415 878 459 908 ut
485 871 569 908 aliis
592 870 692 907 locis
718 870 908 920 plurimis,
935 870 1048 908 etiam
1072 881 1174 906 nunc
1200 870 1412 920 plerosque
1439 870 1634 921 corrigere
1654 873 1816 920 perinde,
1849 879 1904 909 est
1929 871 2034 923 quod

119 923 284 963 mireris.
328 923 447 969 Nam,
471 933 559 958 cum
583 920 704 957 hodie
758 921 825 956 uid
848 928 1014 971 utraque
1039 920 1230 968 particula
1256 919 1430 966 differat,
1461 931 1576 957 nemo
1607 921 1775 972 ignoret,
1806 920 1920 959 facile
1949 933 2037 972 per-

119 975 319 1025 spicimus,
334 973 492 1023 proinde
518 984 557 1010 se
583 970 728 1021 optime
780 970 816 1007 ic
843 982 1001 1021 quoque
1024 970 1064 1008 vi
1090 983 1158 1007 sua
1183 968 1297 1008 tueri.

918 1042 954 1078 A
999 1055 1034 1077 n.
1141 1070 1150 1078 .
1236 1069 1245 1078 .
1639 1066 1646 1076 .

306 1095 498 1132 Incessum
523 1094 610 1131 diris
635 1094 759 1130 avibus
791 1055 1028 1141 Capitoliuxmz
1061 1041 1328 1130 §grijzierme
1352 1092 1510 1129 motibus
1529 1101 1724 1142 promptae
1747 1094 1884 1132 domus.

307 1155 455 1192 Similia
480 1154 660 1205 prodigia
686 1161 773 1192 sunt
796 1154 897 1190 Hist.
924 1155 952 1199 I,
979 1153 1048 1193 86:
1092 1153 1167 1191 Sed
1183 1156 1397 1204 praecipuus
1424 1164 1458 1191 et
1483 1167 1565 1192 cum
1585 1157 1764 1204 praesenti
1787 1157 1896 1193 exitio
1923 1157 2029 1194 etiam

116 1209 235 1258 [tauri
253 1219 373 1255 pavor
398 1207 516 1243 subita
541 1206 771 1242 inundatione
802 1205 953 1253 Tiberis,
978 1207 1040 1253 qui
1058 1207 1233 1243 immenso
1248 1215 1366 1253 auctu,
1375 1215 1553 1254 prompto
1566 1215 1679 1254 ponte
1692 1207 1835 1244 sublicio
1855 1219 1896 1244 ac
1912 1217 2031 1254 strage

93 1286 101 1292 ,
120 1258 298 1296 obstantis
331 1256 440 1293 molis
472 1268 509 1292 re
527 1267 613 1292 usus
638 1275 689 1284 —-
716 1255 830 1303 plana
863 1256 960 1290 urbis
992 1256 1072 1292 loca
1098 1276 1148 1283 —
1182 1256 1349 1304 implevit.
1401 1256 1573 1305 Utroque
1599 1263 1724 1292 autem
1750 1256 1838 1292 loco
1857 1266 2031 1305 prorupta

121 1308 378 1352 damnantur,
397 1318 490 1356 prae
508 1312 747 1356 erunturque
772 1314 939 1354 proruta.
1000 1307 1127 1356 Atque
1153 1317 1263 1343 more
1289 1312 1488 1356 receptum
1515 1317 1615 1351 esse,
1638 1312 1681 1343 ut
1705 1306 1745 1342 in
1770 1312 1897 1343 terrae
1921 1318 2029 1356 prae-

120 1358 258 1396 sertim
270 1355 441 1393 motibu's
468 1368 567 1392 ruere
593 1363 744 1401 cuncta,
769 1367 848 1391 non
874 1356 993 1403 rumpi
1019 1355 1208 1402 dicantur,
1233 1369 1309 1393 non
1335 1356 1485 1414 ignoro.
1526 1357 1664 1413 Neque
1682 1363 1807 1392 tamen
1822 1364 2030 1405 propterea

121 1407 173 1446 ad
198 1418 285 1444 eam
312 1404 633 1443 consuetudinem
658 1403 786 1440 omnia
813 1403 997 1455 exigenda
1023 1411 1132 1453 sunt3
1162 1417 1291 1456 eoque
1316 1418 1459 1450 minus,
1493 1404 1526 1442 si
1552 1405 1625 1441 aha
1652 1413 1852 1455 praeterea
1879 1406 2031 1456 linguae
2087 1445 2090 1448 ,

121 1465 163 1495 et
203 1469 295 1493 usus
329 1453 488 1494 inflexio
521 1467 593 1491 nos
630 1453 671 1490 in
697 1463 874 1502 prorupta
910 1463 1081 1492 revocat.
1157 1456 1256 1492 Nam
1292 1455 1369 1492 hoc
1408 1456 1467 1492 illi
1501 1455 1663 1493 verbum
1699 1455 1863 1505 primum
1898 1464 2029 1505 poetae

122 1505 264 1545 deinde
289 1504 498 1554 scriptores
530 1515 642 1552 saepe
673 1502 876 1553 praeferre
908 1510 1089 1554 tanquam
1115 1504 1254 1542 fortius
1287 1506 1415 1543 solent
1458 1513 1498 1543 et
1557 1504 1695 1542 ravius.
1746 1505 1788 1541 Si
1815 1505 1966 1556 quidem
1990 1507 2029 1543 in

117 1558 256 1595 'ruendo
281 1562 432 1592 tantum
457 1567 496 1591 se
518 1554 770 1603 proripientis
796 1554 961 1602 impetus
988 1562 1056 1603 est,
1081 1555 1120 1590 in
1146 1557 1341 1605 rumpendo
1374 1555 1488 1593 etiam
1515 1568 1537 1592 o
1570 1555 1714 1592 stacula
1747 1554 1949 1606 frangendi
1973 1556 2031 1594 vis

121 1614 164 1643 et
187 1605 363 1643 victoria.
417 1604 536 1640 Cuius
561 1603 620 1639 rei
645 1603 822 1651 exempla
850 1603 1006 1640 aliunde
1035 1610 1244 1653 congerere
1270 1605 1457 1641 abstineo.
1510 1604 1589 1641 Sed
1614 1616 1661 1640 eo
1689 1604 1770 1641 eius
1788 1604 1907 1641 'verbi
1923 1617 2029 1641 amor

121 1655 261 1695 sensim
301 1665 533 1705 progressus
568 1659 646 1700 est,
676 1660 721 1690 ut
755 1652 869 1689 etiam
905 1652 972 1689 ubi
1003 1652 1156 1703 longius
1188 1654 1390 1706 frangendi
1416 1653 1523 1692 notio
1557 1652 1731 1700 recedat,
1749 1661 1895 1691 ‘tamen
1921 1667 2030 1692 usur-

121 1713 249 1756 petur,
272 1705 387 1743 velut:
406 1703 508 1740 Ann.
534 1705 563 1749 I,
587 1702 659 1741 63:
701 1703 876 1754 Quonam
900 1704 1011 1740 modo
1038 1713 1162 1751 ruptos
1188 1714 1357 1742 vetustate
1382 1715 1512 1754 pontes
1543 1713 1733 1752 reponeret.
1797 1705 1883 1741 Non
1915 1704 2031 1755 igitur

123 1765 264 1794 censeo
288 1753 366 1792 hoc
390 1752 554 1791 verbum
582 1764 631 1789 ex
659 1752 795 1789 Tacito
821 1764 950 1803 neque
975 1752 1038 1789 hic
1065 1753 1305 1790 eximendum
1332 1766 1458 1804 neque
1484 1755 1584 1790 Ann.
1611 1753 1697 1800 XV,
1721 1752 1788 1791 40:
1834 1753 1946 1791 Sexto
1973 1756 2031 1792 de-

121 1818 227 1844 mum
251 1806 307 1841 die
332 1805 429 1852 apud
450 1805 543 1839 imas
568 1803 766 1850 Esquilias
772 1802 867 1851 finis
892 1804 1052 1839 incendio
1068 1804 1211 1852 jactus,
1236 1806 1422 1852 proruptis
1447 1817 1514 1852 per
1539 1805 1752 1839 immensum
1783 1803 1962 1854 aedificiis,
1992 1815 2032 1841 ut

121 1856 313 1894 continuae
338 1854 525 1890 violentiae
550 1864 698 1900 campus
726 1861 759 1888 et
787 1853 879 1889 velut
903 1865 1055 1889 vacuum
1079 1855 1216 1897 caelum
1241 1862 1447 1890 occurreret.
1498 1853 1664 1889 Necdum
1683 1853 1824 1901 positus
1847 1863 1973 1904 metus,
1997 1863 2030 1890 et

121 1906 277 1954 redibat,
309 1904 420 1941 levius
453 1914 580 1941 rursus
602 1911 812 1950 grassatus,
844 1904 949 1949 ignis.
1003 1902 1067 1941 Sic
1101 1902 1202 1944 enim
1226 1903 1358 1943 ultima
1383 1902 1464 1941 loci
1492 1901 1609 1940 verba
1640 1901 1805 1952 *legenda
1835 1902 2032 1950 videntur3

123 1954 266 1993 codex:
301 1955 451 1994 necdum
471 1963 558 2002 post
583 1962 699 1990 metus
725 1962 787 1990 aut
812 1954 964 1990 rediebat
992 1953 1078 1990 lebis
1105 1960 1178 1994 etc.
1229 1953 1305 1991 Ubi
1336 1966 1472 1991 rursus
1506 1951 1729 1989 Gronovius
1756 1955 1912 2000 prorutis
1935 1955 2030 1991 aedi-

109 2004 213 2056 ficiis
237 2003 295 2041 uti
318 2003 474 2040 mavult.
526 2003 626 2039 Nam
650 2013 909 2052 prorumpere
936 2002 1055 2052 ignes,
1080 2003 1146 2040 sed
1171 2004 1309 2053 prorui
1333 2004 1461 2042 aedes.
1499 2002 1577 2038 Sed
1604 2001 1744 2038 oblitus
1769 2010 1849 2039 tum
1874 2011 1955 2040 erat
1972 2003 2033 2043 vir

122 2053 488 2115 praestantissimus,
506 2066 578 2102 pro
607 2064 723 2103 saepe
750 2052 789 2089 in
817 2052 1098 2102 compositione
1123 2053 1161 2090 in
1187 2065 1228 2090 se
1250 2053 1395 2091 habere
1413 2064 1575 2104 pronum
1590 2059 1628 2088 et
1649 2050 1905 2100 libidinosum,
1930 2053 2034 2091 velut

121 2118 164 2144 ιιι
189 2104 279 2141 odia
304 2115 559 2152 prorumpere
584 2115 663 2139 non
687 2111 747 2139 est
771 2114 986 2154 erumpere,
1013 2102 1084 2139 sed
1108 2115 1273 2152 pronum
1305 2104 1419 2150 ferri3
1458 2097 1560 2140 sicut
1593 2114 1663 2138 nos
1697 2114 1846 2153 quoque
1878 2110 1918 2139 et
1950 2115 2034 2140 aus·

120 2152 294 2197 brechen
322 2152 482 2190 dicimus
509 2159 549 2190 et
572 2151 820 2198 losbrecben,
846 2164 1013 2203 quorum
1038 2151 1116 2191 hoc
1145 2153 1271 2190 soluta
1303 2160 1411 2191 notat
1442 2151 1570 2190 omnia
1603 2150 1767 2188 vincula.
1817 2152 1946 2203 Atque
1979 2152 2033 2190 ita

121 2205 170 2252 ΙΙ,
193 2203 257 2243 54.
311 2204 394 2242 Ne‘c
420 2204 481 2240 diu
505 2204 672 2243 adversus
695 2202 867 2249 Iudaeos,
892 2204 954 2252 qui
978 2205 1015 2245 in
1040 2215 1162 2240 necem
1181 2204 1336 2241 militum
1368 2226 1419 2232 —
1440 2210 1696 2252 proruperant,
1721 2202 1933 2251 dubitatum3
1963 2202 2033 2238 ubi

121 2266 203 2292 non
226 2253 432 2305 singularis
463 2252 641 2289 incursus
664 2260 840 2298 notatur,
882 2253 948 2291 sed
976 2253 1109 2290 odium
1135 2253 1197 2291 vel
1222 2254 1261 2290 in
1287 2254 1451 2292 militum
1476 2264 1607 2289 necem
1635 2250 1871 2290 dissolutum.
1923 2252 2034 2307 Quae

122 2303 237 2343 verbi
257 2306 315 2342 vis
341 2316 420 2355 quo
446 2315 570 2356 usque
595 2310 731 2352 patere
759 2304 944 2356 coeperit,
969 2303 1116 2354 insigne
1142 2305 1358 2355 exemplum
1385 2312 1441 2342 est
1465 2302 1566 2339 Hist.
1589 2302 1651 2349 111,
1675 2303 1749 2340 805
1784 2304 1850 2340 Eo
1870 2313 2033 2339 successu

122 2356 245 2394 studia
268 2355 396 2404 populi
430 2363 536 2392 aucta
543 2368 556 2397 ‚·
592 2354 720 2401 volgus
750 2354 926 2391 urbanum
958 2366 1061 2391 arma
1098 2356 1197 2403 cepit.
1254 2356 1390 2393 Paucis
1418 2363 1520 2392 scuta
1551 2352 1738 2399 militaria3
1768 2353 1890 2402 plures
1920 2353 2032 2401 raptis

121 2407 222 2454 quod
246 2406 370 2453 cuique
395 2406 540 2442 obvium
562 2405 640 2441 telis
662 2405 815 2450 *signum
832 2415 979 2452 pugnae
1005 2414 1209 2453 exposcunt.
1260 2405 1355 2453 Agit
1376 2414 1499 2452 grates
1532 2403 1695 2441 Vitellius
1727 2412 1759 2440 et
1794 2404 1843 2439 ad
1866 2404 2033 2440 tuendam

122 2456 247 2492 urbem
264 2466 568 2503 prorumpere
595 2455 699 2503 iubet.
752 2453 860 2506 Quos
887 2454 989 2490 enim
1016 2454 1116 2491 intra
1142 2455 1279 2492 urbem
1306 2455 1491 2499 continet,
1525 2463 1592 2490 eos
1624 2464 1881 2503 prorumpere
1911 2452 2032 2491 iubet.

123 2504 204 2542 Sed
226 2503 390 2544 verbum
415 2503 661 2542 ambitiosum
685 2511 762 2552 est,
787 2516 864 2555 quo
889 2516 995 2541 arma
1021 2504 1188 2544 cohibita
1214 2505 1420 2555 patientius
1442 2502 1626 2540 ferantur.
