2152 2691
914 73 1231 119 ...16-

114 203 353 243 Britannicus
378 213 509 247 rerum,
532 211 594 237 seu
620 199 723 236 Nero
743 207 946 247 potet-etun
971 208 1095 236 verum
1120 200 1171 236 ita
1198 199 1240 235 de
1264 211 1302 235 se
1328 200 1496 236 meritum
1527 198 1727 246 Caesarem,
1753 210 1792 238 ut
1818 201 1929 238 fitam
1953 203 2034 239 usui

116 254 193 294 eius
226 253 451 300 impenderet.
507 249 715 287 convictam
748 250 990 286 Messalinam
1016 259 1048 286 et
1078 248 1221 287 Silium.
1279 249 1401 285 Putes.
1425 250 1553 285 iterum
1574 252 1773 288 accusandi
1797 263 1934 288 causas
1950 264 2033 289 esse.

116 306 167 355 [si
189 303 293 340 Nero
327 302 563 350 impetitorem
592 299 810 348 Britannico
844 312 1064 344 successore3
1092 301 1180 337 nulli
1206 301 1358 348 principi
1376 296 1586 347 'meritumfl
1618 300 1679 337 Ac
1704 314 1872 340 novercae
1896 303 2034 339 insidiis

115 356 269 391 domum
292 365 438 389 omnem
464 350 623 395 convellt‘,
654 351 794 387 nutare
814 347 978 400 flagitio,
1001 363 1112 399 quam
1134 352 1166 387 si
1191 351 1448 398 impudicitiam
1473 352 1607 397 prioris
1637 353 1801 399 coniugis
1826 354 2033 389 reticuisset.

121 404 360 458 Quamquam
382 414 425 439 ne
448 401 712 449 inpudicitiam
736 402 881 450 quidem
905 414 997 438 nunc
1022 401 1142 438 abesse
1167 400 1343 438 Pallante
1362 400 1520 438 adultero
1547 410 1611 438 etc.
1754 432 1760 437 .

300 451 404 488 Nihil
430 462 493 487 me
521 450 571 486 de
597 450 687 488 loco
714 451 957 500 praescripto
980 451 1071 487 novi
1088 450 1305 499 allaturum,
1330 451 1419 487 unci
1444 451 1608 500 appositi
1631 453 2033 489 monstrant*Eorum

116 503 221 542 enim
253 501 399 546 accedo
431 500 655 548 sententiae,
687 502 753 552 qui
784 501 933 538 inclusa
959 499 1085 541 verba
1105 498 1324 536 abiudicant
1350 500 1498 551 Tacito.
1551 500 1631 539 Sed
1658 514 1775 553 quum
1800 501 2034 551 interpretes

119 557 200 592 tam
226 554 375 591 veteres
402 562 520 603 quam
545 558 724 589 recentes
741 552 779 588 in
804 551 876 588 alia
904 550 1029 588 omnia
1060 549 1267 599 discedant,
1292 548 1455 588 fortasse
1476 550 1758 607 siargumentis
1783 564 1913 601 meum
1937 551 2035 591 iudi·
2077 578 2080 580 >

116 604 220 643 cium
253 601 583 647 corroboravere,
616 614 694 638 non
728 601 864 638 inutile
892 596 1042 638 faciam.
1093 600 1228 650 Itaque
1254 608 1341 637 ante
1372 601 1498 637 omnia
1526 602 1646 639 verba
1672 603 1821 640 inclusa
1848 599 1941 652 quid
1962 612 2036 651 -per

117 667 159 693 se
188 653 401 690 sententiae
431 652 601 698 habeant
633 652 672 687 in
703 651 900 697 uirendum
930 657 997 687 est.
1051 649 1294 705 Quamquam
1320 649 1360 686 id
1390 658 1392 660 ’
1442 651 1557 697 idem,
1583 652 1614 688 si
1643 653 1804 702 integris
1831 650 1954 689 oculis
1979 650 2035 686 in-

117 701 394 755 spicias‚.nihil
421 695 670 742 difficultatis,
716 699 815 738 abet.
866 700 963 737 Nam
991 699 1091 738 duae
1117 709 1182 737 res
1208 699 1370 738 fortasse
1389 664 1551 737 ‘initurae
1578 699 1684 738 inter*
1701 714 1743 738 se
1766 702 2037 750 comparantur

117 760 155 792 et
180 757 448 801 opponuntur,
476 750 677 799 imperium
708 751 869 788 Neronis
902 757 943 786 et
971 750 1205 797 Britannici3
1232 751 1284 786 ita
1308 759 1445 795 tamen,
1476 755 1521 785 ut
1546 763 1622 786 non
1647 751 1685 786 in
1713 764 1827 787 unam
1853 759 1893 787 et
1917 750 2037 787 conti-

117 807 279 841 nuatam
313 800 538 838 sententiam
571 800 806 849 compositae
843 799 1060 845 videantur,
1092 799 1162 835 sed
1194 805 1392 849 separatae
1427 798 1541 848 plane
1574 812 1702 860 neque
1729 800 1849 838 altera
1877 799 2036 837 alterius
2066 824 2069 827 -

120 853 202 893 ullo
227 851 347 890 modo
374 850 538 891 curiosa.
591 846 813 900 Sequuntur
836 849 977 886 deinde
1002 848 1136 898 verba,
1168 860 1265 900 quae
1289 857 1330 886 ut
1352 849 1516 899 aliquam
1544 852 1835 901 explicationem
1858 850 2039 895 habeant,

119 901 337 942 necessario
374 901 425 938 ali
454 899 522 936 uid
552 899 602 936 de
627 899 954 949 praecedentibus
987 899 1185 936 sententiis
1217 899 1440 950 praedicare
1466 900 1620 938 debent.
1670 901 1792 952 quue
1818 903 1893 940 hoc
1908 912 2038 937 ‘unum

119 955 252 1006 potest
279 945 381 990 esse':
419 914 557 988 §autri
584 948 809 988 futurorum
836 948 1001 988 fortasse
1024 949 1244 1000 principum
1272 963 1311 988 se
1364 943 1559 1001 uidquam,
1584 965 1661 1002 quo
1688 950 1787 989 bene
1812 952 2037 997 mereretur,

118 1001 369 1056 praestitisse.
419 999 501 1037 Iam·
524 1012 623 1039 vero
650 1005 699 1037 eti
721 1000 860 1051 oratio,
892 1000 1136 1051 quantumvis
1161 1000 1270 1045 mira,
1305 1007 1343 1036 ta
1359 1001 1389 1037 is
1415 1008 1540 1038 tamen
1566 1009 1636 1048 est,
1662 1009 1703 1038 ut
1729 1002 1776 1039 de
1802 1002 1929 1053 aliqua
1955 1001 2038 1038 eius

122 1053 370 1093 correctione
399 1058 465 1088 aut
489 1050 809 1100 interpretatione
835 1051 1020 1088 aliorsum
1046 1049 1312 1100 detorquenda
1337 1063 1388 1088 ne
1414 1052 1575 1101 cogitari
1600 1051 1759 1101 quidem
1785 1051 1919 1101 possit.
1963 1053 2041 1088 Ne-

120 1115 198 1155 que
223 1102 265 1138 id
295 1102 512 1152 qnisquam,
544 1101 889 1151 quantum».video,
917 1107 1076 1137 conatus
1107 1107 1183 1145 est3
1207 1099 1282 1135 nisi
1308 1100 1414 1149 quod
1440 1101 1478 1135 in
1506 1101 1732 1139 obscuriore
1755 1108 1879 1151 parte,
1904 1101 2040 1137 nullum

114 1152 272 1204 principi
303 1152 483 1200 meritum,
516 1150 627 1188 varia
660 1157 868 1199 tentarunt,
898 1159 997 1201 quae
1027 1156 1152 1186 tamen
1186 1149 1392 1187 sententiae
1422 1155 1596 1188 naturam
1628 1151 1751 1201 ipsam
1777 1163 1853 1188 non
1879 1157 2038 1187 mutant.

121 1205 203 1242 Eos
231 1201 332 1239 enim
359 1199 590 1238 refutandos
613 1200 800 1248 pluribus*
817 1211 932 1249 nego,
967 1200 1030 1249 qui
1051 1205 1185 1247 putant
1209 1200 1277 1235 has
1301 1212 1365 1235 res
1392 1213 1507 1248 posse
1534 1202 1735 1251 coniungi:
1766 1202 1885 1238 Pares
1911 1203 2039 1237 iterum

123 1252 168 1303 [i.
194 1248 370 1299 el'nunc,
404 1248 509 1299 apud
536 1248 761 1298 Claudium]
793 1261 921 1286 causas
952 1249 1142 1285 accusandi
1176 1260 1262 1294 esse,
1288 1250 1321 1286 si
1353 1248 1395 1299 [i.
1423 1260 1457 1286 e.
1482 1249 1690 1302 quondam,
1723 1257 1813 1301 post
1838 1249 2039 1288 Claudium

114 1302 317 1350 necisum]
363 1301 466 1338 Nero
494 1301 720 1349 imperitaret.
771 1300 854 1337 Iam
876 1299 997 1349 igitur
1022 1299 1070 1335 ad
1099 1307 1220 1336 totum
1249 1299 1432 1336 orationis
1459 1300 1661 1338 decursum
1689 1309 1728 1338 et
1755 1301 1955 1338 consilium
1980 1312 2041 1337 ac·-

123 1352 317 1391 cedamus.
369 1352 440 1386 Est
470 1357 517 1385 ea
551 1350 676 1385 oratio
701 1349 888 1393 Narcissi,
919 1348 1070 1395 liberti3
1104 1348 1134 1384 is
1169 1348 1271 1384 inter
1301 1349 1442 1385 amicos
1468 1361 1560 1386 vera
1587 1351 1737 1387 scilicet
1770 1341 1888 1387 animi
1915 1349 2040 1387 consi·

122 1399 176 1441 li‘a
190 1401 354 1453 promit.
381 1400 462 1438 Iam
489 1407 631 1448 autem,
658 1396 889 1451 quamquam
906 1397 1142 1451 Agrippinae
1156 1396 1307 1452 furor-es
1333 1412 1433 1437 nunc
1456 1400 1583 1450 ipsum
1610 1397 1870 1439 declinaturus
1893 1408 1932 1438 et
1956 1401 2042 1438 Bri-

123 1452 271 1493 tannici
295 1459 464 1498 causam,
498 1450 602 1499 apud
628 1459 746 1500 quem
771 1450 866 1488 haec
892 1450 1077 1500 loquitur,
1108 1448 1160 1486 ob
1185 1449 1225 1485 id
1250 1449 1377 1499 ipsum
1403 1451 1599 1501 amplexus
1623 1460 1694 1500 est,
1723 1460 1851 1489 tamen
1876 1445 2042 1488 nihil'se

100 1502 281 1556 ‚quidem
305 1508 413 1539 sua'm
440 1499 492 1538 ob
519 1508 677 1537 causam
704 1497 843 1545 moliri,
875 1509 987 1537 more
1010 1497 1198 1536 eiusmodi
1222 1499 1430 1549 hominum,
1459 1502 1677 1550 praedicat:
1710 1502 1788 1541 Sibi
1811 1500 1945 1539 certam
1964 1514 2042 1550 per—

124 1556 265 1599 niciem,
289 1565 352 1589 seu
369 1551 606 1588 Britannicus
632 1563 762 1597 rerum,
785 1563 848 1587 seu
867 1548 968 1587 Nero
990 1558 1184 1598 poteretur.
1235 1550 1428 1604 Principis
1453 1552 1566 1588 saluti
1595 1564 1636 1589 se
1662 1552 1779 1590 vitam
1805 1553 1856 1588 im
1887 1551 2041 1588 endere.

126 1602 204 1642 Sed
237 1609 340 1649 esto,
370 1613 439 1637 nos
470 1598 536 1638 hic
563 1601 691 1651 legere
723 1608 859 1638 veram
891 1600 966 1648 viri
999 1596 1381 1650 probisst'ententiam,
1415 1613 1493 1638 non
1519 1602 1686 1640 hominis
1713 1602 1827 1640 astuti
1881 1608 1980 1638 ctam
2006 1610 2042 1639 et

125 1653 265 1692 falsam
304 1650 600 1702 praefationem,
641 1657 679 1688 et
718 1658 925 1702 utrumque
961 1650 1091 1687 thema
1126 1671 1174 1677 —
1199 1650 1387 1699 principis
1426 1652 1589 1689 salutem
1615 1673 1665 1680 -
1689 1665 1794 1688 suam
1831 1651 2041 1700 perniciem

128 1703 326 1756 quondam
361 1709 508 1748 certam
535 1722 580 1728 -—-
607 1695 784 1749 pluribus
818 1700 972 1749 exponi.
1023 1700 1133 1749 Ergo
1160 1707 1246 1741 utra
1279 1713 1367 1749 pars
1399 1702 1510 1750 prior
1538 1709 1748 1745 tractetur,
1783 1708 1957 1750 apparet.
1984 1710 2042 1739 est

129 1766 226 1792 cura
255 1752 408 1790 salutis:
450 1751 661 1789 Convictam
687 1751 936 1791 ,Messalinam
969 1759 1003 1787 et
1038 1750 1218 1787 Suillium.
1280 1750 1400 1788 Pares
1432 1754 1559 1789 iterum
1591 1752 1782 1789 accusandi
1807 1764 1932 1788 causas
1955 1764 2041 1789 esse.

130 1803 284 1860 Quibus
316 1802 447 1840 verbis
479 1801 666 1851 principis
694 1809 733 1838 et
767 1800 921 1851 imperii
955 1801 1113 1838 salutem
1149 1800 1324 1851 intelligi,
1362 1800 1409 1837 ab
1437 1810 1600 1853 utraque
1624 1814 1746 1840 uxore
1771 1802 1940 1852 petitam,
1965 1816 2041 1840 non

80 1864 82 1866 ’
128 1852 419 1905 impudicitiam,
458 1859 498 1888 et
531 1851 806 1903 praecedentia
844 1858 1013 1901 arguunt
1052 1851 1109 1900 (ut
1145 1852 1255 1887 vitam
1285 1853 1368 1888 usui
1401 1853 1474 1889 eius
1507 1854 1738 1901 impenderet)
1774 1859 1814 1888 et
1844 1853 2042 1904 sequentia

131 1907 373 1955 (quamquam
402 1915 447 1940 ne
473 1903 731 1951 impudicitiam
756 1903 898 1951 quidem
920 1901 1059 1950 abesse)
1091 1909 1132 1939 et
1158 1910 1421 1950 comparatum
1448 1915 1531 1953 cap.
1558 1904 1609 1943 30
1633 1902 1701 1939 lib.
1728 1904 1792 1939 XI.
1842 1905 1884 1939 In
1910 1905 2042 1941 eadem

129 1966 226 1993 vero
252 1966 297 1990 re
322 1951 567 2002 post'verba
600 1952 747 1988 inclusa
777 1943 968 2002 pergitur:
1001 1953 1059 1988 Ac
1091 1964 1262 1988 novercae
1290 1954 1427 1989 insidiis
1453 1955 1602 1990 domum
1628 1965 1773 1989 omnem
1796 1954 1951 1990 convelli.
2000 1955 2042 1990 In

162 2017 211 2043 no
237 2003 316 2041 hoc
338 2000 531 2042 observo:
558 2001 680 2039 Plane
708 2015 729 2039 a
753 2014 847 2041 vero
873 2001 1071 2049 aberrare,
1106 2002 1172 2053 qui
1197 2015 1239 2039 ac
1265 2001 1377 2044 simul
1403 2002 1618 2041 tollendum
1640 2003 1819 2040 iudicant.
1871 2004 1986 2061 Quod
2013 2005 2044 2041 si

128 2019 267 2102 geret,
297 2054 424 2090 oratio
449 2054 671 2105 insequens,
703 2059 837 2102 utpote
864 2053 1055 2103 appositio
1081 2053 1241 2102 prioris,
1276 2062 1459 2103 pergeret
1486 2067 1622 2091 causae
1651 2051 1851 2102 paritatem
1877 2055 1915 2091 in
1942 2062 2046 2091 utra-

131 2112 213 2157 *que
238 2104 405 2155 coniuge
430 2113 551 2153 porro
579 2103 732 2142 docere.
778 2102 893 2189 Qffiod
919 2111 1065 2141 tantum
1094 2102 1216 2153 abest,
1240 2110 1284 2141 ut
1308 2103 1387 2153 fiat,
1412 2112 1455 2141 ut
1482 2104 1704 2143 novercalia
1731 2103 1817 2141 odia
1844 2112 1884 2141 et
1910 2105 2045 2142 domus

136 2155 322 2193 conuulsa
353 2160 573 2203 sequantur,
609 2166 710 2213 quae
735 2153 774 2189 in
844 2153 1046 2190 essalinam
1074 2160 1150 2189 non
1179 2154 1329 2200 cadunt,
1363 2154 1428 2190 sed
1454 2155 1593 2192 cadunt
1618 2157 1656 2190 in
1684 2154 1954 2204 Agrippinam.>
1996 2156 2046 2191 Et

133 2206 174 2244 in
201 2217 289 2243 eam
322 2210 445 2243 unam>
471 2200 565 2241 haec
599 2204 676 2241 dici
709 2203 910 2254 sequentia
936 2210 1162 2249 monstrant,
1195 2205 1332 2240 maiore
1347 2203 1508 2255 flagitio,
1533 2217 1643 2255 quam
1668 2206 1700 2241 si
1725 2206 2046 2253 impudicitiam

132 2257 309 2305 prioris
334 2255 550 2301 coniugis
573 2256 766 2291 reticuisset
790 2262 862 2292 etc.
913 2254 1036 2304 Igitur
1060 2267 1103 2291 ac
1127 2253 1177 2291 ad
1202 2256 1329 2303 ipsum
1352 2255 1517 2293 invidiae
1542 2255 1706 2306 pondus,
1737 2267 1812 2305 qua
1835 2255 2047 2305 Agrippina

136 2305 295 2356 petitur,
322 2304 541 2355 augendum
568 2312 677 2342 more
696 2304 821 2342 Taciti
845 2304 1103 2354 praemittitur
1131 2311 1171 2342 et
1198 2303 1439 2342 retinendum
1470 2314 1538 2344 est.
1564 2312 1725 2356 urgetur
1751 2306 1851 2342 enim
1875 2304 2048 2343 consulto

165 2367 235 2393 rae
265 2355 493 2393 Messalinae
525 2355 652 2405 culpa,
683 2368 769 2391 nam
802 2355 903 2404 apud
935 2354 1201 2392 Britannicum
1231 2351 1353 2392 filium
1379 2355 1499 2393 verba
1524 2356 1632 2403 fiunt,
1664 2355 1776 2404 culpa
1802 2354 2049 2405 Agrippinae.

136 2369 244 2444 i'nter
269 2405 368 2443 hanc
395 2414 523 2442 autem
550 2405 737 2443 orationis
762 2405 1090 2443 continuationem
1121 2405 1312 2456 interponi
1339 2419 1415 2442 non
1441 2420 1557 2456 posse
1582 2405 1703 2444 verba
1728 2407 1799 2442 ista
1826 2405 1970 2443 inclusa
1995 2408 2051 2443 ni-

138 2456 195 2493 hil
221 2455 463 2505 probationis
551 2468 617 2493 ere
643 2454 838 2493 videatur.
891 2457 1029 2506 Neque
1052 2456 1187 2515 magis·
1200 2463 1362 2506 possunt
1387 2457 1464 2494 ali'o
1491 2458 1623 2508 aliquo
1649 2457 1739 2493 loco
1765 2455 1961 2503 collocari,
1984 2454 2051 2492 ubi

139 2507 266 2557 aptius
286 2506 477 2559 legantur.
505 2507 519 2544 i
549 2519 626 2557 que
657 2513 695 2544 te
725 2505 862 2556 ipsum,
895 2519 943 2543 an
975 2505 1064 2557 fieri
1084 2514 1217 2556 possit,
1250 2507 1420 2557 experiri
1445 2507 1574 2546 iubeo.
1626 2507 1764 2558 Neque
1789 2506 1887 2544 enim
1911 2514 2049 2557 potest.
