2152 2691
885 50 1204 96 ..13-

86 183 273 226 expertos
300 176 507 225 dicebant,
527 186 651 214 eorum
675 175 779 224 ,enim
806 175 1050 227 sententiam,-
1068 197 1118 206 --
1140 176 1235 228 quid
1258 188 1352 215 vero
1379 189 1425 214 eo
1452 176 1556 216 facto
1583 179 1840 230 impudentius
1867 184 1930 220 vel
1949 183 2005 221 ad

86 227 319 266 {iz-mnndum
335 228 374 266 S,
387 227 608 267 &validius
623 238 705 264 esse
722 226 901 276 poterat?
921 248 973 257 -——
997 235 1149 277 patrum
1162 228 1385 271 sententiam
1397 227 1529 266 liberti
1538 230 1606 266 ‘isti
1619 231 1893 280 consultarent,
1914 234 2004 272 vine

89 285 252 330 agerent
266 291 319 316 an
336 279 422 318 iure
433 291 521 316 cum
537 277 722 328 patronis.
759 278 889 329 Atque
903 278 1011 338 quod
1028 278 1121 315 illuc
1137 278 1349 329 genitivum
1370 290 1496 316 eorum
1521 280 1772 319 referendum
1798 295 1874 321 non
1901 283 2008 322 vide-

87 329 195 379 bant,
220 337 374 368 ceterae
400 330 512 368 etiam
539 329 753 377 sententiae
779 330 1050 380 percipiendae
1075 329 1210 368 obfuit.
1248 330 1428 367 Ceterum
1455 330 1532 367 iam
1557 343 1691 382 nuper,
1717 344 1803 370 eum
1830 333 1880 370 de
1906 335 2008 372 Ann.

88 381 179 427 XV,
194 380 247 419 12
262 388 530 427 tractaremus,
554 392 632 417 non
648 392 769 417 unum
790 380 924 418 locum
951 381 1156 426 attulimus,
1182 379 1253 416 ubi
1279 379 1553 430 pronominum
1579 395 1669 419 usus
1695 395 1769 432 per
1794 385 2009 422 orationem

88 429 291 482 obliquam
311 431 539 468 obscuratus
572 429 821 470 difficultates
852 432 1070 482 peperisset
1099 430 1392 481 interpretibus;
1426 432 1500 469 alia
1533 433 1710 483 exempla
1743 435 1809 485 qui
1835 444 2008 486 quaerat,

88 481 141 518 ad
163 482 331 531 Ruperti
355 482 523 520 indicem
549 483 665 532 plura
691 482 943 531 praebentem
968 483 1198 532 ablegamus.
1251 483 1391 519 Cetera
1421 482 1498 519 iam
1530 484 1658 520 omnia
1683 484 1808 533 plana.
1857 486 2010 523 Liberti

88 543 170 568 non
194 531 312 569 modo
334 532 468 583 lingua
494 532 737 582 impudentes
765 534 867 569 ultro
895 532 1011 570 etiam
1036 545 1167 579 manus
1192 531 1452 580 intendebant,
1486 534 1549 569 vel
1574 534 1739 583 impune,
1766 534 1857 585 quia
1875 532 2011 585 ignavi

89 581 263 632 patroni,
287 582 348 620 vel
373 595 540 633 poenam
564 582 780 620 insolenter
805 582 1079 620 dissuadentes.
1118 581 1300 619 Proxima
1326 582 1402 619 iam
1425 582 1545 620 verba
1571 584 1654 633 ipsa
1679 592 1766 622 sunt
1792 584 2011 629 dissuaden—

89 632 185 669 tium
217 644 399 682 poenam,
429 641 474 670 ut
504 633 682 684 appictae
708 646 780 683 per
802 646 866 670 me
892 641 1008 671 notae
1039 633 1249 670 declarant.
1301 632 1379 669 Sed
1402 633 1465 670 hic
1488 632 1651 671 fortasse
1674 635 1763 673 huic
1789 634 2011 686 interpreta-

89 682 187 721 tioni
213 683 461 722 adversarios
487 685 694 721 exstituros
720 696 797 721 non
820 684 959 720 iniuria
984 696 1139 735 vereor,
1166 683 1232 743 qui
1246 683 1467 721 inauditum-
1481 683 1558 721 hoc
1575 685 1748 731 clament,
1775 685 1872 725 utin
1897 687 2010 724 aliam

90 733 312 772 orationem
353 734 571 787 obliquam,
614 734 708 771 nihil
745 735 892 773 monito
926 735 1098 786 lectore,
1136 734 1209 771 alia
1241 734 1489 785 inferciatur,
1516 748 1630 786 quam
1662 747 1798 783 nemo,
1822 735 1895 774 nisi
1920 749 2013 787 pro·

87 784 208 828 misso
236 786 380 836 capillo
407 786 594 833 hariolus,
617 787 666 823 sit
690 785 945 836 dispecturus.
997 787 1130 838 Neque
1152 793 1277 824 tamen
1308 797 1379 836 ego
1407 786 1619 837 quidquam
1648 786 1864 824 deterreor.
1916 790 2013 825 Nam

90 835 263 885 primum
295 849 425 874 nonne
456 836 723 888 unusquisque
754 844 956 887 exspectat
984 838 1161 887 exemplo
1191 837 1240 873 iri
1273 837 1597 883 demonstratum,
1630 837 1771 889 quibus
1806 838 1864 874 illi
1901 851 2012 889 argu-

89 887 230 924 mentis
254 899 423 937 poenam
449 887 724 925 dissuaserint?
750 888 903 925 Deinde
929 887 1048 926 verba
1073 888 1189 925 haece
1214 888 1313 941 Quid
1338 890 1431 925 enim
1456 889 1555 925 aliud
1580 896 1654 925 etc.
1680 900 1809 925 nonne
1834 889 2012 938 proxime

90 945 240 974 coeunt
265 946 305 975 et
329 937 556 975 referuntur
582 938 632 975 ad
660 951 740 984 eos,
772 939 839 989 qui
863 950 1027 988 poenam
1054 937 1296 975 dissuadent?
1320 938 1389 974 Illa
1417 946 1543 975 autem
1571 939 1779 988 cavillatio,
1805 936 2011 989 qua'ut·in

88 985 247 1024 felicem
279 988 530 1037 Campaniam
565 1000 651 1024 sese
676 989 868 1046 relegent
885 996 1068 1038 patronos
1096 988 1302 1024 hortantur
1327 1009 1373 1016 --
1401 1001 1516 1038 quam
1545 988 1789 1025 insolentiam
1821 1000 1910 1025 cum
1933 998 2012 1026 non

90 1037 340 1089 intelligeret,
367 1038 652 1076 correctionem
676 1038 833 1087 Lipsius
860 1037 1120 1075 meditabatur
1144 1059 1195 1067 —
1221 1049 1335 1095 quem
1362 1051 1503 1088 quaeso
1529 1038 1662 1088 magis,
1686 1050 1801 1088 quam
1828 1050 1871 1075 os
1898 1037 2014 1075 liher-

91 1094 223 1125 torum
253 1088 409 1134 deceat,
440 1089 508 1138 qui
538 1089 643 1124 nulla
679 1088 789 1125 urbis
815 1089 925 1125 reive
955 1088 1135 1137 publicae
1161 1094 1324 1123 caritate
1348 1095 1547 1133 tenentur,
1582 1087 1648 1125 sed
1674 1100 1790 1124 unam
1816 1088 2012 1125 licentiam

93 1144 294 1174 sectantur
327 1138 508 1188 vitaeque
541 1137 726 1175 delicias?
759 1138 892 1188 Neque
924 1145 1052 1174 tamen
1083 1136 1161 1174 hoc
1187 1148 1319 1187 urgeo.
1344 1138 1466 1186 possit
1492 1138 1590 1175 enim
1618 1137 1753 1188 aliquis
1776 1137 2012 1187 pertinacior

91 1187 191 1224 haec
219 1188 268 1224 ad
292 1188 597 1239 indignationem
622 1196 774 1238 patrum
801 1186 954 1224 referre
980 1187 1106 1235 malle,
1142 1198 1257 1238 quam
1284 1187 1333 1223 ad
1366 1187 1596 1225 libertorum
1624 1188 1886 1238 petulantiam.
1938 1188 2014 1225 Sed

92 1237 247 1275 idemne
272 1239 388 1275 etiam
411 1238 556 1275 iudicet
584 1238 634 1275 de
660 1237 929 1289 sequentibus:
974 1239 1116 1274 Ceteras
1142 1239 1301 1286 actiones
1320 1240 1524 1286 promiscas
1551 1246 1585 1275 et
1602 1249 1712 1286 pares
1736 1237 1841 1274 esse?
1871 1238 2013 1275 Hocci-

90 1288 271 1336 ucenim
302 1288 492 1327 senatoris
525 1296 595 1336 est,
626 1288 830 1340 conqueri,
873 1288 980 1339 quod
1011 1288 1154 1326 civium
1190 1287 1362 1325 actiones
1394 1300 1508 1338 pares
1533 1288 1611 1326 sint
1637 1295 1677 1326 et
1708 1300 1750 1326 ae
1779 1287 1880 1325 ualia
1906 1288 2012 1326 iura?

92 1339 137 1375 ld
171 1339 328 1389 quidem
361 1350 595 1390 quocunque
628 1346 776 1388 vertes,
811 1352 886 1376 non
915 1346 1046 1387 potest
1077 1338 1147 1374 ulli
1177 1339 1341 1388 ingenuo
1364 1337 1511 1374 homini
1539 1338 1675 1383 tribui,
1700 1350 1750 1374 ne
1779 1352 1843 1375 um
1870 1335 2013 1390 ei,‘qui

94 1388 260 1426 aliorum
287 1388 448 1426 iniurias
474 1388 673 1438 depellere
695 1400 784 1426 cum
810 1389 975 1425 maxime
1002 1387 1223 1425 connititur
1276 1388 1354 1424 Sed
1373 1388 1535 1427 libertos
1560 1388 1716 1439 quidem
1730 1388 1823 1425 iuris
1851 1390 2015 1439 aequali-

92 1446 172 1476 tate
206 1439 308 1489 apud
342 1451 410 1475 eos
438 1439 546 1488 ipsos
578 1438 720 1490 quibus
753 1439 899 1475 debent
929 1439 1138 1475 insolenter
1171 1438 1341 1487 gloriari,
1374 1446 1559 1487 patronos
1591 1451 1693 1485 suos,
1727 1450 1824 1488 quos
1858 1444 2012 1487 patrum

90 1489 213 1527 instar
244 1489 379 1527 colere
425 1488 630 1537 debebant,
675 1496 714 1527 ut
744 1488 802 1526 ius
837 1488 1103 1539 experirentur
1133 1499 1310 1538 aequum,
1341 1488 1450 1525 cuius
1483 1487 1724 1538 subterfugia
1753 1495 1893 1526 norant
1918 1488 2014 1527 duu-

92 1547 209 1587 taxat,
236 1540 442 1586 lacessere,
472 1540 561 1589 hoc,
591 1540 762 1589 inquam,
787 1541 916 1575 scelus
943 1540 1020 1575 tale
1047 1550 1092 1574 ac
1112 1546 1259 1575 tantum
1286 1546 1381 1584 erat,
1406 1546 1448 1574 ut
1473 1546 1562 1587 post
1588 1539 1628 1574 id
1654 1539 1860 1587 impietatis
1887 1550 2014 1574 exem-

124 1589 207 1626 lum
242 1589 291 1626 ad
324 1601 432 1626 suam
463 1588 540 1626 iam
571 1589 774 1639 propriam
800 1588 1027 1626 seutentiam
1062 1594 1198 1626 orator
1221 1585 1468 1627 deflecterem
1523 1588 1771 1625 Tribuendum
1794 1588 1944 1636 aliquod
1968 1597 2013 1626 tc-

92 1602 181 1682 lliam.
213 1641 312 1688 quod
342 1641 460 1687 sperni
488 1650 649 1688 nequeat.
699 1640 756 1676 Ita
788 1640 907 1689 igitur
938 1639 1133 1677 orationes
1170 1650 1234 1675 eas
1270 1638 1365 1674 duas
1398 1638 1490 1674 satis
1515 1638 1591 1674 sibi
1616 1637 1835 1674 distinxisse
1860 1638 2013 1676 Tacitus

92 1689 310 1735 videbatur,
344 1690 377 1726 si
409 1689 528 1726 modo
561 1689 610 1725 ad
640 1689 850 1726 lectionem
882 1701 963 1725 non
998 1689 1078 1725 sine
1110 1687 1253 1724 iudicio
1284 1687 1573 1724 accederemus.
1624 1688 1807 1724 Ceterum
1832 1686 1909 1724 hoc
1934 1701 2012 1726 non

94 1753 216 1778 unum
229 1740 450 1789 exemplum
476 1750 576 1783 esse3
603 1737 671 1775 ubi
697 1739 736 1774 in
760 1739 873 1776 aliam
899 1738 976 1775 alia
1002 1737 1125 1774 oratio
1151 1737 1308 1787 obliqua
1332 1736 1573 1784 includatur,
1593 1736 1802 1786 probatum
1828 1745 1887 1774 est
1909 1739 2011 1775 Anu.

94 1790 201 1835 XIV,
234 1789 300 1836 20,
332 1801 445 1839 quem
476 1789 607 1826 locum
642 1796 729 1827 ante
755 1788 1009 1827 Waltherum
1046 1801 1123 1825 non
1155 1794 1262 1824 recte
1292 1787 1654 1837 interpretabantur,
1685 1785 1750 1823 hic
1782 1794 1908 1824 autem
1934 1788 2013 1826 vin

93 1840 189 1878 mihi
214 1838 343 1879 verbis
362 1839 532 1876 attulisse
556 1839 726 1878 videtur.
765 1841 852 1890 Ego
879 1838 1192 1889 interpunctione
1217 1838 1294 1876 loci
1320 1846 1496 1876 naturam
1523 1838 1712 1888 aperiam:
1742 1837 1883 1889 Quippe
1902 1849 2012 1884 erant,

95 1893 157 1941 qui
190 1892 253 1928 Cn.
279 1902 422 1939 quoque
451 1890 674 1937 Pompeium
695 1892 896 1928 incusatum
921 1904 945 1927 a
967 1891 1165 1927 senioribus
1185 1890 1340 1938 ferrent,
1374 1891 1473 1937 quod
1503 1901 1714 1925 mansuram
1739 1890 1865 1925 theatri
1894 1891 2014 1928 sedem

88 1943 291 1992 posuisset3
326 1961 378 1968 —-
408 1952 498 1976 nam
527 1949 633 1977 antea
662 1942 842 1977 subitariis
868 1941 1041 1988 gradibus
1068 1948 1102 1976 et
1127 1951 1230 1976 scena
1254 1941 1291 1976 in
1316 1948 1456 1988 tempus
1486 1948 1621 1976 structa
1652 1938 1755 1975 ludos
1784 1940 1840 1976 edi
1871 1940 2012 1986 solitos,

96 1994 152 2031 vel
176 1994 208 2030 si
235 1993 428 2029 vetustiora
453 2000 603 2040 repetas,
628 2000 782 2028 stantem
805 1993 981 2041 populum
1003 1992 1232 2040 spectavisse3
1247 2012 1296 2019 —
1311 2018 1339 2038 „
1352 1990 1394 2028 Si
1419 1991 1614 2028 consideret
1639 1990 1787 2036 theatro,
1815 1991 1890 2028 dies
1915 2000 2015 2028 totos

95 2045 243 2093 ignavia
267 2045 505 2086 continuarem
531 2055 575 2080 ns
598 2043 880 2091 spectaculorum
905 2044 1048 2092 quidem
1074 2043 1267 2089 antiquitas
1290 2051 1500 2087 servaretur,
1526 2042 1689 2090 quotiens
1707 2050 1857 2089 praetor
1879 2043 2013 2080 sederet

96 2095 195 2134 nulla
227 2095 396 2142 cuiquam
426 2095 557 2131 civium
585 2095 792 2131 necessitate
814 2096 1014 2131 certandi.“
1063 2093 1151 2129 Hoc
1188 2092 1295 2130 ‹licoz
1334 2100 1376 2129 nt
1402 2090 1658 2140 coniunctivi,
1681 2093 1918 2142 continuaret,
1941 2105 2014 2130 ser-

95 2155 248 2193 varetur,
287 2144 446 2181 defendi
477 2144 634 2195 possint,
669 2144 843 2195 pendere
876 2144 1047 2194 putandi
1069 2141 1210 2181 sunta
1244 2143 1526 2192 coniunctione,
1558 2144 1676 2191 quod
1691 2155 1909 2180 mansuram
1939 2150 2011 2181 etc.

95 2199 176 2235 Iam
203 2203 331 2233 autem
356 2195 396 2232 id
415 2194 502 2232 fieri
527 2209 603 2233 nou
629 2204 746 2245 posse
775 2208 918 2241 omnes,
940 2202 1049 2245 puto,
1074 2206 1224 2244 mecum
1247 2194 1500 2231 consentient.
1527 2196 1610 2230 Aut
1631 2193 1752 2243 igitur
1775 2195 1874 2242 quod
1896 2194 2014 2231 etiam

97 2255 186 2285 ante
200 2248 233 2284 si
253 2247 450 2284 consideret
476 2246 723 2295 repetendum
750 2246 837 2293 erit,
862 2253 927 2282 aut
948 2245 1053 2296 quod
1065 2245 1131 2282 alii
1157 2244 1314 2282 codices
1341 2244 1416 2281 iam
1442 2250 1718 2295 apposuerunt,
1742 2257 1791 2281 ne
1808 2245 2015 2294 consideret,

96 2297 378 2348 apponendum,
409 2296 644 2335 servandum
672 2304 801 2334 tamen
833 2297 999 2334 alterum
1032 2309 1086 2342 ne,
1121 2303 1210 2333 ante
1241 2307 1383 2333 nomen
1415 2295 1708 2345 spectaculorum,
1738 2293 1845 2345 quod
1873 2293 1902 2329 ii
1922 2293 2015 2331 libri

97 2348 290 2388 omittunt.

894 2395 1006 2433 Ann.
1032 2397 1138 2442 xm,
1159 2395 1222 2434 41.

281 2446 466 2485 Adiicitur
498 2447 714 2484 miraculum
744 2448 837 2484 velut
869 2448 1014 2483 numine
1046 2446 1226 2484 oblatum.-
1262 2457 1348 2482 nam
1381 2455 1507 2483 cuncta
1533 2454 1641 2484 extra
1666 2446 1776 2493 [tecta
1799 2444 1916 2492 tenus]
1936 2445 2016 2481 sole

97 2500 249 2537 illustria
270 2499 400 2549 [ειη-ες
431 2500 530 2546 quod
560 2498 748 2536 menibus
780 2496 1006 2546 cingebatur,
1036 2499 1086 2534 ita
1118 2505 1257 2545 repente
1290 2506 1371 2534 atra
1400 2497 1491 2534 nube
1510 2504 1721 2545 coopertum
1734 2494 2014 2545 fulgoribusque

95 2551 287 2587 discretum
307 2557 370 2595 est,
399 2558 438 2586 ut
463 2550 567 2598 quasi
592 2550 848 2600 infensantibus
874 2550 947 2586 deis
978 2550 1088 2586 aritio
1116 2549 1211 2585 tradi
1233 2548 1437 2584 crederetur.
