2152 2691
37 697 143 776 Ex
173 743 248 783 quo
276 730 323 769 de
349 729 508 768 caelesti
534 741 581 769 eo
609 741 747 776 curru,
780 741 858 781 quo
894 740 936 766 se
969 727 1094 767 solum
1117 727 1295 767 Manilius
1329 729 1435 767 veluti
1459 740 1570 767 vacuo
1596 729 1681 767 orbe
1704 738 1948 770 vectaturum

37 786 130 824 scite
154 781 416 833 praeviderat,
447 781 531 831 ipse
565 780 748 818 descendi
784 785 896 830 atque
923 791 1096 831 gressum
1130 781 1169 817 in
1195 781 1272 818 hoc
1305 781 1404 818 vitae
1435 778 1565 817 sorum
1599 779 1671 817 tuli
1697 782 1948 835 'Paestumque

37 831 429 883 interpretaricoepi
448 838 737 882 programmate
763 831 955 881 proximo,
982 831 1143 882 contigit
1166 830 1273 879 mihi,
1297 838 1341 868 ut
1367 831 1501 880 plures
1534 843 1650 882 quam
1676 835 1765 869 ante
1797 832 1947 872 itineris

38 884 166 923 socios
185 882 441 919 nanciscerer.
491 883 597 919 Inter
613 893 708 931 quos
729 894 842 929 unus,
863 880 955 918 dum
976 881 1098 918 amice
1125 881 1174 917 de
1202 881 1257 918 eis
1283 892 1383 931 quae
1403 888 1485 917 tum
1510 881 1775 931 proponebam
1791 882 1949 931 iudicat,

36 934 130 972 ficto
155 932 263 969 vultu
288 931 400 968 simul
425 943 488 968 me
515 931 670 969 beatum
695 931 892 969 hominem
917 930 1131 981 praedicat,
1162 930 1268 981 quod
1292 942 1365 980 per
1384 937 1444 967 tot
1470 931 1745 968 Cornelii-*tam
1766 931 1948 971 difficile·

37 985 161 1022 libros
187 991 265 1019 tam
290 993 435 1031 paucos
452 982 574 1032 locos,
599 982 640 1018 in
662 981 801 1033 quibus
827 980 1031 1018 haererem
1052 980 1290 1019 invenerim.·
1329 980 1381 1018 Se
1407 980 1729 1030 quidem'eorum·
1749 994 1850 1041 quae
1866 983 1949 1021 illic

39 1039 298 1071 tractarentur
322 1033 504 1081 pleraque
524 1031 669 1068 dudum
688 1032 727 1068 in
751 1032 894 1068 mundo
915 1031 1116 1077 habuisse3
1144 1031 1210 1069 sed
1230 1030 1303 1066 alia
1323 1043 1345 1066 a
1363 1042 1426 1066 me
1442 1029 1589 1066 maiora
1607 1038 1828 1069 transmissa
1850 1044 1949 1081 esse,

38 1084 148 1121 velut
173 1081 320 1128 XI,23;
346 1082 429 1129 XII,
444 1076 497 1119 65
503 1094 515 1128 3
541 1082 640 1128 xm,
656 1081 718 1128 26,
731 1080 794 1130 41,
808 1080 870 1127 44,
885 1081 956 1125 553
983 1081 1032 1118 de
1048 1080 1186 1132 quibus
1208 1080 1300 1131 quid
1314 1080 1397 1129 ipse
1418 1080 1599 1117 sentirem
1611 1081 1792 1120 maluisse
1805 1082 1948 1120 doceri.

40 1132 189 1190 Quibus
214 1130 280 1167 ille
305 1130 433 1168 verbis
460 1131 542 1169 sive
569 1131 708 1181 aequis¹
726 1131 805 1170 sive
827 1131 965 1182 iniquis
992 1138 1216 1168 currentem
1241 1138 1381 1178 tamen,
1407 1137 1448 1167 ut
1473 1130 1594 1178 aiunt,
1618 1131 1763 1169 incitat.
1813 1133 1950 1184 Itaque

41 1190 245 1232 antequam
280 1180 328 1216 ad
353 1180 601 1218 historiarum
625 1180 764 1230 libros,
794 1189 838 1218 ut
868 1188 1054 1231 potuero,
1085 1181 1164 1217 inte
1213 1180 1394 1217 retandos
1427 1180 1629 1227 accedam,
1655 1183 1834 1231 experiar
1860 1194 1949 1233 ego,

38 1232 82 1270 si·
106 1231 170 1269 vel
204 1229 251 1268 de
282 1229 358 1267 illis
384 1230 482 1267 locis
506 1230 717 1281 paucisque
749 1230 845 1276 aliis,
931 1230 982 1268 od
1009 1232 1131 1279 amico
1155 1228 1325 1288 paceat,
1348 1241 1572 1279 proponere
1602 1232 1759 1280 possim.
1809 1232 1949 1283 Neque

39 1294 135 1320 vero
161 1279 321 1329 faciam,
358 1287 401 1317 ut
425 1282 465 1317 in
491 1293 560 1324 eos
586 1293 650 1318 me
682 1244 929 1318 coniectan‘ffi
958 1280 1121 1331 laqueos
1153 1280 1329 1328 induam,
1358 1279 1433 1317 nisi
1467 1280 1575 1329 prius
1597 1281 1714 1332 leges
1747 1282 1950 1333 quasdam,

40 1344 135 1383 quas
161 1331 200 1368 in
227 1330 468 1368 emendando
496 1331 632 1367 Tacito
666 1331 879 1381 sequendas
904 1331 1002 1367 mihi
1027 1330 1269 1380 scripserim,
1301 1329 1556 1379 praemisero3
1586 1343 1665 1367 non
1697 1344 1760 1369 eas
1845 1332 1950 1370 'dem

42 1394 162 1421 novas
190 1388 230 1418 et
252 1381 451 1427 inauditas,
477 1380 547 1418 sed
566 1394 659 1432 quas
685 1388 730 1418 ut
755 1394 777 1419 a
792 1381 988 1433 plerisque
1012 1380 1206 1430 probatas,
1231 1380 1284 1417 ita
1306 1392 1386 1418 non
1407 1378 1456 1417 ab
1483 1379 1660 1417 omnibus
1682 1382 1741 1419 vel
1764 1394 1809 1419 re
1826 1382 1950 1433 igiose

39 1434 105 1471 vel
133 1439 354 1469 constanter
378 1431 568 1468 exercitas
599 1430 761 1470 rideam.
812 1432 909 1469 Sunt
935 1439 1059 1469 autem
1082 1431 1156 1468 hae
1173 1430 1278 1467 fere:
1310 1430 1348 1467 A
1369 1430 1505 1468 codice
1530 1431 1759 1469 Florentino
1788 1433 1950 1482 optimo,

40 1482 113 1521 nisi
138 1493 300 1519 necesse
327 1481 358 1518 si
411 1494 462 1518 ne
488 1480 660 1519 abeatur.
709 1483 751 1517 In
780 1494 858 1533 quo
883 1495 1002 1532 quum
1035 1482 1133 1518 illud
1158 1480 1367 1519 videndum
1395 1481 1464 1530 sit,
1486 1493 1537 1518 ne
1563 1494 1638 1531 qua
1662 1482 1949 1532 superstitionis

39 1532 198 1581 nebula,
222 1532 263 1568 id
289 1489 394 1581 ([ηοῗί
419 1531 631 1569 Walthero
657 1531 815 1581 accidit,
841 1545 919 1581 quo
945 1532 1068 1568 minus
1093 1531 1230 1569 vitiosa
1254 1531 1460 1578 videamus,
1484 1531 1762 1580 impediamur;
1788 1541 1872 1570 tum
1895 1545 1949 1571 ne

38 1583 256 1635 priscorum
286 1581 483 1619 hominum
504 1581 782 1631 suspicionibus
807 1588 848 1619 et
872 1581 1036 1618 acumini
1060 1581 1159 1619 iusto
1192 1581 1345 1630 saepius
1378 1581 1648 1630 concedamus,
1676 1582 1799 1620 multo
1824 1582 1949 1634 magis

39 1631 250 1672 verendum
280 1639 349 1669 est.
400 1634 497 1669 Nam
527 1639 631 1669 tanta
665 1631 844 1682 profecto
877 1632 1035 1669 illorum
1067 1633 1241 1670 virorum
1276 1639 1331 1668 est
1361 1631 1587 1682 auctoritas,
1619 1640 1699 1669 tum
1734 1633 1948 1671 acerrimus

40 1683 199 1720 Latinae
235 1682 519 1720 consuetudinis
553 1689 678 1720 tantus
712 1695 855 1731 sensuS,
879 1690 922 1720 ut
947 1681 1164 1720 cohibenda
1198 1682 1391 1719 consult&
1401 1694 1536 1719 eorum
1561 1682 1795 1721 verecundia
1819 1696 1951 1736 neque

41 1733 83 1768 id
108 1732 412 1770 obliviscendum
435 1733 496 1781 sit,
520 1745 588 1770 eos
614 1733 717 1769 haud
738 1745 830 1769 raro
855 1733 944 1782 plus
968 1733 1090 1778 nimis,
1117 1733 1211 1769 dum
1226 1732 1453 1782 indagandis
1478 1733 1578 1770 vitiis
1601 1734 1789 1784 sagaciter
1813 1735 1951 1772 intenti

44 1782 139 1829 sint,
163 1781 366 1819 indulsisse
394 1782 562 1833 ingenio.
615 1781 726 1869 Suae
751 1782 972 1821 observatio
999 1796 1117 1833 quum
1149 1784 1188 1819 in
1215 1783 1372 1832 longam
1398 1782 1695 1831 disputationem
1720 1784 1770 1820 de
1794 1784 1950 1821 illorum

42 1832 218 1870 virorum
250 1839 546 1884 temporumque
580 1833 617 1869 in
648 1834 710 1869 ole
744 1846 813 1870 nos
844 1833 1027 1882 pellicere
1059 1832 1202 1882 possit,
1237 1844 1339 1869 nunc
1368 1840 1497 1869 tamen
1526 1833 1567 1882 in
1599 1846 1673 1869 una
1698 1847 1760 1879 re,
1796 1846 1897 1885 quae
1925 1846 1949 1872 e

44 1881 223 1919 codicum
248 1882 352 1919 varia
378 1883 524 1920 ratione
548 1891 586 1920 et
610 1891 746 1920 natura
767 1883 897 1920 desum
927 1890 965 1920 ta
991 1890 1059 1929 est,
1083 1882 1297 1933 paullisper
1316 1882 1550 1918 commorari
1578 1882 1799 1932 praestabit.
1850 1884 1951 1921 Nam

43 1931 110 1968 illa
137 1939 238 1968 aetas
265 1932 359 1981 quid
375 1945 397 1969 a
432 1933 629 1971 codicibus
651 1933 807 1971 codices
833 1933 871 1969 di
905 1941 1052 1979 errent,
1074 1945 1124 1969 ne
1153 1945 1317 1983 uaquam
1343 1931 1549 1982 diligenter
1574 1933 1635 1969 vel
1662 1932 1859 1984 inquisivit
1882 1935 1949 1973 vel

45 1981 205 2019 curavit.
255 1982 331 2019 Alii
356 1982 459 2020 enim
485 1983 575 2020 libri
602 1991 708 2035 sunt,
734 1983 801 2036 qui
826 1992 979 2035 praeter
1000 1983 1097 2021 mira
1121 1982 1189 2019 ila
1215 1982 1325 2029 vitia,
1351 1994 1450 2033 quae
1476 1982 1565 2018 dum
1589 1982 1631 2019 in
1656 1984 1950 2036 uniuscuiusque

45 2032 178 2070 oculos
211 2028 328 2068 facile
360 2033 563 2071 incurrere
594 2035 791 2081 videntur,
823 2035 966 2071 intacta
989 2042 1117 2071 tamen
1144 2046 1166 2069 a
1191 2046 1339 2069 summa
1371 2032 1462 2068 inde
1496 2033 1723 2083 antiquitate
1745 2047 1951 2084 promana-

43 2088 203 2127 verunt,
226 2080 353 2117 omnia
377 2094 467 2119 sana
492 2091 608 2135 atque
629 2092 732 2122 sarta
757 2083 952 2121 exhibent.
1003 2084 1079 2122 Alii
1102 2095 1237 2119 rursus
1261 2082 1383 2119 laceri
1408 2089 1523 2132 atque
1549 2083 1642 2120 dissi
1672 2084 1725 2121 ati
1750 2085 1855 2122 aedis
1879 2085 1950 2122 ali·

46 2132 154 2169 cuius
170 2130 391 2169 vehementi
407 2134 658 2172 concussione
676 2142 886 2185 proruptae
901 2134 1066 2184 speciem
1083 2131 1391 2180 referunt„cuius
1406 2133 1574 2170 nativum
1600 2097 1855 2183 splendorem,
1872 2134 1949 2172 nisi

44 2181 265 2223 recentiore
288 2194 405 2218 manu
430 2183 645 2222 adstructas
680 2197 864 2223 erronum
899 2196 1002 2222 casas
1034 2184 1249 2234 prudenter
1279 2183 1491 2221 semoveris
1517 2192 1557 2221 et
1580 2196 1653 2234 per
1675 2185 1750 2220 ima
1774 2191 1948 2222 meantes

44 2231 317 2268 luxuriantium
342 2230 553 2270 herbarum
579 2235 730 2272 radices
756 2235 912 2271 fortiter
932 2234 1133 2284 evelleris,
1157 2232 1304 2272 frustra
1328 2241 1368 2271 te
1395 2245 1528 2283 speres
1553 2234 1825 2272 restituturum.
1868 2235 1949 2272 Alii

46 2281 212 2333 denique
237 2280 339 2318 inter
362 2288 550 2334 utrosque
575 2285 694 2323 medii
717 2292 822 2332 sunt3
855 2296 928 2334 per
955 2296 1052 2336 quos
1090 2291 1296 2337 postquam
1330 2283 1562 2335 aliquamdiu
1585 2282 1709 2319 libero
1821 2296 1867 2321 su
1892 2284 1949 2321 in-

48 2332 204 2379 cessisti,
227 2339 385 2381 repente
409 2332 449 2368 in
475 2336 657 2383 scopulos
690 2343 730 2372 et
756 2342 879 2372 aestus
904 2336 1125 2373 immersum
1151 2344 1188 2373 te
1211 2334 1341 2372 sentis.
1392 2334 1508 2371 Cuius
1521 2332 1736 2371 dissimilitu
1766 2334 1836 2372 'nis
1859 2344 1949 2372 cum

46 2382 178 2419 variae
204 2393 340 2420 causae
365 2381 450 2428 sint,
474 2396 576 2421 nunc
600 2397 734 2436 unam,
758 2386 917 2437 quaein
943 2386 1118 2424 codicem
1142 2385 1412 2424 Florentinum
1443 2382 1534 2420 huic
1560 2382 1674 2420 classi
1697 2383 1950 2429 adnumeran-

48 2428 140 2465 dum
176 2432 315 2469 cadere
345 2431 516 2480 videtur,
549 2436 874 2473 commemorabo.
925 2437 984 2473 Ea
1015 2444 1072 2473 est
1103 2435 1357 2473 honestissimi
1387 2434 1614 2484 ceteroquin
1647 2434 1799 2471 scribae
1829 2435 1950 2474 modo

50 2486 201 2518 arrecta
227 2481 430 2533 industria,
453 2482 571 2522 modo
598 2483 807 2524 dormitans
833 2485 992 2525 desidia.
1035 2486 1114 2525 Sed
1139 2485 1230 2524 dum
1254 2484 1350 2521 haec
1375 2481 1542 2533 disputo,
1565 2484 1668 2523 haud
1682 2495 1826 2535 paucos
1840 2485 1949 2526 viros

1388 2553 1466 2604 (l)
