2152 2691
848 64 914 76 -...,
970 36 1038 84 ⁴19
1098 64 1178 76 -.--

234 172 290 209 Ita
315 167 470 220 quidem
495 165 527 201 is
554 163 665 201 locus
689 175 711 200 a
736 163 992 210 Fr22Rittere‚
1018 162 1086 214 qui
1101 161 1151 200 ab
1165 162 1377 212 interprete
1399 173 1480 200 esse
1505 161 1623 202 verba
1648 161 1798 200 inclusa
1820 163 1968 203 iudicat

70 234 301 275 quamquam
325 215 425 268 quid
459 227 543 255 eam
571 212 1163 264 mterpietationenmssagitarit,
1181 213 1294 252 haud„
1324 211 1439 255 facile
1472 212 1597 261 dicas)
1633 221 1693 250 est
1722 214 1966 256 constitutus.

54 225 215 314 l’riores
248 277 375 307 autem
408 266 510 303 inter
539 273 640 302 retes
664 264 759 304 nihil
785 277 888 305 nunc
904 273 1062 311 moror,
1088 265 1178 314 quia
1202 277 1282 306 una⁴
1303 259 1403 302 ma‘hit
1422 263 1568 302 codicis
1595 263 1808 302 Florentini
1833 273 1968 306 aucto—

56 326 166 362 ritate
197 318 294 359 baec
327 329 393 354 res
423 316 512 366 proi
528 316 665 367 iganda
698 315 864 356 videtur.
920 315 1138 357 Hicpssenim
1175 315 1208 352 si
1246 315 1329 366 quis
1362 315 1457 352 alius
1490 315 1599 354 locus
1631 313 1756 355 factus
1789 324 1860 363 est,
1941 356 1946 360 ,

57 380 193 427 quanta
218 368 285 408 uni
306 367 398 405 huic
421 366 523 405 libro
546 367 643 407 fides
667 365 938 414 habendasit,
972 374 1131 417 &aquas
1155 366 1195 407 in
1222 365 1469 405 difficultates
1496 365 1783 416 immergamur,
1815 366 1849 405 si
1873 329 1967 407 affl

54 436 140 463 rum
171 417 484 468 interpolationes
519 417 773 469 respiciamus
804 418 928 469 magis.
958 417 1229 468 quantillum,
1261 415 1437 466 patefieri
1467 416 1598 467 possit.
1649 418 1686 454 Is
1716 416 1835 467 igitur
1863 416 1966 458 liber

54 479 152 513 baec
175 473 305 510 habeti
331 485 419 509 nam
440 482 565 509 cuncta
590 483 693 510 extra
719 475 818 509 tectis
843 460 886 510 ’ἐκ
918 474 1125 512 remmota
1160 473 1312 509 muntia
1334 472 1463 521 suern
1491 472 1588 519 quod
1613 480 1752 519 repente
1779 473 1966 510 mortalem

53 529 104 563 ita
126 533 206 561 atra
230 524 320 560 nube
345 532 552 571 coopertum
568 524 846 573 fulgoribusque
863 524 1144 567 discretumsst,
1172 532 1213 559 ut
1237 530 1310 559 etc.
1363 521 1476 575 Quae
1501 521 1592 571 quia
1616 521 1755 558 vitiosa
1779 529 1885 569 sunt,
1908 530 1967 559 tn-

53 573 320 612 multuantium
350 572 599 610 librariorum
632 585 696 610 eas
730 573 1049 622 interpolationes
1067 576 1346 623 pepererunt,
1368 575 1483 622 >quat
1499 570 1613 621 ceteri
1635 571 1727 608 libri
1758 570 1918 610 habent.
1943 583 1967 609 e

55 624 204 682 quibus,
229 636 325 674 quas
352 624 574 673 corrigendi
600 624 692 672 vias,
712 624 744 660 si
767 624 919 674 quando
946 623 1090 674 aliquid
1113 631 1262 661 mutare
1276 622 1482 668 'audaeus
1507 621 1583 659 illis
1600 621 1845 671 temporibus
1862 621 1968 659 baud

53 687 144 713 raro
162 673 414 725 quaesierint,
430 675 542 724 plane
563 675 764 725 intelligas.
816 675 914 711 Nam
941 686 1040 725 quae
1064 681 1312 724 parva-sunt,
1335 673 1482 724 totique
1508 673 1721 709 sententiae
1747 672 1968 722 percipien-

53 726 126 764 dae
155 736 233 765 non
264 737 497 775 magnopere
529 726 711 764 videntur
734 725 912 771 obstare,
936 725 1069 762 securi
1097 725 1345 776 relinquunt,
1359 732 1544 775 tanquam
1571 734 1672 773 quae
1697 723 1776 760 levi
1799 723 1966 762 aliorum

57 789 149 814 cura
175 775 287 813 facile
310 777 595 825 perpoliantur3
627 778 665 813 in
690 776 931 827 gravioribus
957 783 1082 814 autem
1107 789 1185 813 non
1206 784 1372 826 parcunt
1398 774 1528 814 verbis
1536 787 1549 822 3
1583 773 1694 821 adeo,
1718 782 1762 812 ut
1785 774 1854 826 qui
1877 786 1969 813 noa·

54 836 153 865 tram
184 826 408 863 modestiam
434 828 474 863 in
499 828 565 863 illa
596 835 774 876 tempora
801 828 1014 872 conferant,
1045 840 1123 865 non
1149 840 1199 864 ex
1226 827 1382 877 ingenio
1418 826 1573 876 quidem
1606 825 1855 875 librariorum
1880 837 1967 863 eam

52 876 265 916 verborum
298 877 590 926 amplitudinem
623 878 796 927 potuisse
826 878 932 915 nasci
963 877 1207 915 arbitrentur.
1266 879 1393 929 Atque
1423 877 1464 914 id
1481 889 1553 914 2ne.
1571 883 1706 914 nostro
1735 888 1897 927 quoque
1926 876 1967 913 in

52 928 143 964 loco
167 928 297 964 multis
324 928 474 964 accidat
498 933 550 965 ut*
564 928 735 974 credant,
767 936 826 965 est
852 927 953 965 sane*
969 928 1185 974 rei-endum.
1217 927 1316 965 ··S'ed
1340 939 1427 967 rem
1450 935 1576 964 tamen
1602 927 1670 972 ita,
1701 934 1750 964 ut
1772 926 1876 974 dico,
1897 926 1965 965 lu·

53 977 149 1013 bere
175 977 273 1013 mihi
303 977 460 1027 quidem
496 978 750 1014 certissimum
782 986 848 1015 est.
885 979 1049 1026 'Nempe
1075 978 1205 1028 aliquo
1233 990 1335 1026 casu,
1365 985 1410 1013 ut
1434 989 1478 1014 ex
1503 977 1589 1025 ipso
1613 989 1798 1024 perverso
1824 973 1966 1014 verbo·

52 1039 139 1063 rum
162 1027 299 1064 ordine
322 1026 435 1064 facile
459 1028 699 1078 intelligitur,
724 1040 864 1065 nomen
880 1030 1067 1065 moenibus
1084 1039 1138 1064 ex
1158 1040 1229 1064 suo
1254 1027 1344 1063 loco
1363 1034 1449 1064 erat
1472 1025 1727 1063 deturbatum.
1767 1025 1812 1063 Id
1839 1032 1966 1064 autem

52 1088 194 1113 nomen
227 1078 260 1113 si
283 1089 352 1113 suo
379 1077 468 1114 loco
494 1078 724 1127 reddideris,
755 1079 877 1114 omnis
905 1079 974 1116 erit
1000 1078 1186 1115 sententia
1210 1086 1434 1127 persanata,
1458 1077 1527 1113 ita:
1567 1077 1672 1113 Nam
1697 1084 1824 1113 cuncta
1851 1086 1965 1124 extra,

53 1128 153 1163 tectis
186 1139 229 1163 ac
260 1128 445 1174 moenibus
475 1137 586 1176 tenus,
619 1129 694 1165 sole
728 1129 878 1165 illustria
905 1129 1028 1179 suere;
1063 1129 1163 1177 quod
1192 1137 1331 1176 repente
1356 1130 1408 1165 ita
1432 1137 1513 1164 atra
1544 1127 1634 1163 nube
1658 1135 1867 1174 coopertum
1890 1134 1964 1173 etc.

53 1178 96 1213 ln
121 1189 199 1227 quo
225 1185 339 1215 erunt
363 1178 536 1224 fortasse,
563 1179 633 1229 qui
655 1179 695 1215 in
720 1179 866 1217 laxiore
890 1178 1078 1224 iunctura,
1127 1191 1176 1215 ua
1201 1180 1299 1227 quod
1312 1178 1361 1215 ad
1387 1177 1656 1229 praecedentia
1682 1178 1848 1215 tectis—
1863 1186 1966 1216 tenus

51 1225 258 1273 referatur,
275 1227 471 1265 haereant.
524 1228 603 1265 Sed
615 1241 704 1276 eos,
717 1237 901 1279 quantum
916 1230 1082 1265 Romani
1134 1229 1280 1265 omines
1296 1229 1336 1264 in
1358 1229 1586 1278 pronomine
1602 1227 1764 1266 relativo
1786 1228 1963 1276 audeant,

52 1277 297 1316 immemores
333 1278 470 1316 dicam.
517 1279 569 1316 Ut
590 1279 697 1316 enim
726 1279 821 1316 nihil
847 1288 1094 1328 moveantur,
1126 1279 1319 1317 sinitasit
1358 1278 1561 1328 scriptum:
1598 1279 1635 1315 id
1669 1287 1792 1318 wem
1825 1287 1964 1327 repente

52 1329 143 1364 nube,
174 1338 398 1377 coopertum,
428 1329 481 1366 ita
512 1330 713 1367 relativam
745 1330 961 1367 orationem
993 1330 1139 1380 pariter
1172 1328 1373 1380 ferendam
1405 1330 1479 1365 sibi
1509 1326 1778 1377 persuadeant.
1829 1329 1965 1378 Neque

50 1378 128 1415 hoc
155 1392 232 1416 uno
259 1379 348 1415 loco
375 1379 585 1418 verborum
612 1380 708 1417 ordo
736 1378 839 1429 apud
866 1381 1042 1418 Tacitum
1066 1380 1168 1417 male
1193 1379 1367 1417 turbatus
1393 1387 1463 1416 est.
1515 1378 1645 1418 Veluti
1669 1379 1767 1415 alter
1792 1386 1866 1428 est,
1899 1379 1965 1430 qui

50 1427 218 1464 omnium
243 1428 368 1464 adhuc
393 1429 645 1479 interpretum
672 1425 870 1479 sagacitati
893 1433 975 1467 ses'e
996 1429 1202 1474 subduxit:
1233 1441 1361 1480 neque
1386 1437 1515 1465 tamen
1541 1429 1665 1465 minus
1693 1440 1807 1478 quam
1830 1429 1906 1475 hic,
1931 1429 1966 1465 si

52 1478 265 1515 accuratius
292 1478 486 1527 inspicias,
512 1473 763 1528 depravaths,
792 1479 890 1516 Hist.
918 1480 946 1526 I,
974 1478 1035 1518 49.
1051 1480 1196 1517 *Galbae
1223 1490 1352 1532 corpus
1383 1480 1444 1516 diu
1468 1480 1665 1526 neglectum
1691 1488 1725 1515 et
1749 1479 1889 1515 licentia
1913 1487 1964 1515 te-

50 1528 240 1563 nebrarum
255 1530 424 1575 plurimis
449 1531 606 1565 ludibriis
634 1540 803 1566 vexatum
827 1531 1048 1577 dispensator
1063 1530 1214 1576 Argius,
1242 1543 1260 1565 e
1278 1531 1460 1577 prioribus
1484 1531 1606 1575 servis,
1632 1529 1758 1565 humili
1782 1530 1963 1576 sepultura

50 1577 87 1613 in
105 1578 258 1626 privatis
282 1579 355 1614 eius
380 1579 494 1615 hortis
516 1581 684 1615 contexit.
742 1578 847 1635 Quid
873 1579 1001 1616 enim?
1024 1586 1223 1616 tantumne
1248 1579 1288 1614 id
1315 1590 1459 1622 ausum,
1483 1578 1698 1628 proiectum
1725 1589 1869 1627 corpus
1893 1579 1963 1614 im·

49 1628 242 1676 peratoris
268 1628 410 1665 misere
435 1630 617 1666 trucidati
642 1642 780 1667 vexare
806 1629 1001 1677 ludibriis,
1025 1637 1070 1666 ut
1093 1629 1345 1666 tenebrarum
1370 1629 1562 1666 licentiam
1587 1628 1860 1678 operirentur?
1883 1630 1963 1667 Ant

50 1684 250 1714 tantumne
277 1679 357 1714 eius
383 1678 526 1727 odium,
551 1687 594 1716 ut
620 1688 737 1729 quum
757 1679 927 1716 interdiu
952 1692 1029 1716 non
1056 1679 1205 1727 liceret,
1228 1687 1346 1716 noctu
1371 1676 1503 1716 saltem
1529 1679 1684 1715 ultionis
1711 1679 1962 1728 cupiditatem

52 1727 274 1774 explerent?
302 1729 434 1765 Potius
461 1736 526 1765 aut
553 1729 666 1766 ferox
693 1730 831 1779 aliquis
856 1729 977 1774 miles,
1005 1727 1332 1779 quix'praeteriret,
1359 1738 1423 1767 aut
1447 1730 1565 1766 homo
1592 1728 1748 1779 quidam
1773 1728 1962 1778 perditus,

51 1775 117 1826 qui
131 1788 249 1814 >novo
283 1777 505 1828 imperatori
538 1779 801 1829 fortitudinem
834 1791 941 1815 suam
968 1779 1258 1816 commendaret
1291 1781 1408 1828 (nam,
1432 1786 1476 1815 ut
1499 1791 1532 1815 c.
1556 1778 1618 1816 44.
1645 1779 1821 1828 legimus,
1840 1782 1961 1827 plures

50 1839 161 1875 quam
192 1837 330 1865 centum
358 1838 391 1866 et
418 1831 543 1877 viginti
576 1828 711 1867 libellos
729 1832 934 1878 praemium
960 1832 1226 1878 exposcentium
1252 1832 1297 1866 ob
1322 1831 1481 1879 aliquam
1508 1830 1701 1866 notabilem
1727 1830 1788 1866 illa
1804 1830 1860 1866 dle
1882 1842 1960 1878 ope-

49 1888 130 1913 ram
170 1879 329 1914 Vitellius
357 1889 486 1927 postea
516 1880 661 1930 invenit)
695 1881 892 1927 neglectum
921 1882 982 1915 diu
1012 1892 1141 1928 corpus
1176 1881 1304 1929 palam
1342 1888 1383 1917 et
1422 1891 1510 1917 cum
1550 1880 1804 1917 ostentatione
1840 1880 1961 1929 impe-

54 1926 209 1976 tierunt,
234 1927 355 1965 veluti
376 1930 502 1967 statim
528 1930 649 1981 initio,
676 1942 759 1980 cap.
782 1931 845 1982 41,
871 1929 1067 1966 discimus:
1093 1943 1196 1966 crura
1221 1931 1431 1979 brachiaque
1444 1932 1557 1980 joede
1579 1930 1772 1971 laniavere3
1794 1931 1962 1979 pleraque

48 1980 190 2016 volnera
209 1978 358 2028 feritate
382 1989 416 2016 et
441 1983 589 2019 saevitia
620 1991 772 2019 trunco
806 1984 894 2019 iam
927 1994 1105 2030 corpore
1136 1982 1284 2019 adiecta.
1336 1984 1415 2018 Aut
1444 1981 1543 2019 enim
1576 1980 1703 2017 omnia
1724 1992 1790 2018 me
1811 1980 1959 2029 fallunt,

51 2037 115 2067 aut
146 2028 211 2065 hic
226 2028 301 2066 iam
321 2030 480 2077 plurima
506 2032 672 2081 ludibria,
699 2044 798 2084 quae
823 2044 927 2070 nunc
955 2032 1005 2068 ob
1030 2032 1331 2079 miserationem,
1369 2031 1436 2067 ubi
1459 2032 1654 2081 sepultura
1679 2030 1864 2069 tradenda
1888 2040 1959 2078 est,

48 2088 302 2129 repetuntur²
325 2080 520 2131 descripta
545 2082 719 2132 legimus.
771 2085 866 2121 Nam
890 2083 1051 2134 praefixa
1073 2085 1188 2121 contis
1220 2084 1337 2132 capita
1363 2093 1439 2119 non
1466 2083 1595 2120 statim
1620 2089 1710 2133 post
1737 2084 1896 2121 caedem
1916 2092 1958 2122 et

48 2130 223 2181 iugulum
245 2130 436 2182 haustum,
462 2133 564 2182 (cap.
589 2134 768 2182 41.)*sed
793 2148 837 2172 ca
867 2135 920 2172 ite
946 2135 1099 2172 demum
1122 2134 1215 2174 44¹⁰
1233 2142 1599 2172 commemorantur.
1641 2136 1694 2171 At
1717 2135 1869 2171 ludibria
1891 2135 1957 2171 illa

47 2179 214 2217 fortasse
237 2181 351 2234 foede
377 2183 565 2232 quaedam
593 2186 718 2232 recisa
737 2149 911 2223 membra
937 2185 1048 2223 nobis
1076 2197 1234 2222 enarran
1288 2196 1395 2234 quae
1405 2196 1455 2221 ne
1476 2198 1497 2221 a
1519 2183 1783 2235 spurcissimis
1799 2184 1957 2235 quidem

44 2230 216 2268 interdiu
246 2239 433 2280 petantur.
470 2233 605 2289 ·Quod
635 2248 747 2286 quam
781 2237 897 2284 longe
925 2248 945 2271 a
971 2235 1173 2272 verisimili
1204 2234 1257 2271 ab
1284 2242 1424 2280 orreat,
1458 2248 1536 2272 non
1560 2246 1700 2283 urge03
1727 2233 1793 2270 sed
1816 2247 1956 2283 nonne,

48 2281 80 2317 si
106 2281 147 2318 id
174 2281 329 2320 volebat
355 2282 524 2333 Tacitus,
550 2286 624 2322 alio
650 2285 767 2323 modo
794 2293 892 2322 esset
916 2286 1102 2332 elocutus,
1131 2298 1247 2337 quam
1272 2284 1431 2323 ludibriis
1449 2284 1681 2335 plurimis?
1717 2284 1840 2334 Igitur
1865 2285 1955 2324 loco

49 2332 258 2369 movendae
280 2332 462 2371 tenebrae
488 2341 527 2371 et
548 2335 600 2372 ita
628 2337 917 2374 constituendus
943 2337 1071 2374 locus:
1090 2337 1229 2386 Corpus
1254 2337 1315 2373 diu
1340 2338 1534 2384 neglectum
1555 2344 1588 2371 et
1604 2334 1773 2383 plurimis
1797 2336 1956 2374 ludibriis

49 2391 218 2419 vexatum
249 2385 472 2431 dispensator
504 2384 657 2433 Argius,
683 2400 701 2423 e
719 2388 902 2436 prioribus
933 2389 1053 2437 servis,
1084 2389 1211 2424 humili
1239 2388 1417 2438 sepultura
1441 2388 1477 2422 in
1498 2387 1650 2434 primnis
1675 2387 1751 2435 eius
1776 2387 1889 2424 hortis
1913 2388 1956 2425 11·-

50 2431 165 2467 centia
197 2435 420 2470 tenebrarum
451 2437 621 2472 conte-sit.
677 2438 777 2474 Nam
811 2449 861 2474 ne
898 2437 1065 2481 iacuisse
1098 2437 1253 2489 quidem
1287 2448 1355 2485 per
1384 2443 1537 2472 noctem
1572 2446 1716 2485 corpus
1749 2436 1958 2487 contendo,

50 2477 214 2531 fecitque
248 2491 293 2520 ut
328 2484 406 2523 hec
446 2491 648 2534 putaretur
684 2496 848 2539 propter
864 2496 866 2499 '
882 2488 1164 2526 miserationem
1197 2487 1347 2524 adiecta
1378 2498 1468 2534 vox,
1506 2487 1567 2523 diu
1598 2487 1820 2539 neglectum-1
1857 2488 1956 2526 Nam
