2152 2691
894 52 1208 98 ...15-

901 180 1011 216 Ann.
1040 181 1111 228 XI,
1135 179 1196 218 23.

284 245 499 294 oppleturos
531 242 655 279 omnia
681 242 806 279 divites
831 241 928 292 illos,
962 229 1117 292 quorum
1154 242 1213 280 avi
1240 241 1437 290 proavique
1468 237 1651 277 ho'stiliztm
1683 239 1870 278 nationum
1896 238 2000 274 duces

95 299 267 336 exercitus
290 296 435 332 nostros
458 293 691 341 ferrdvique
723 293 922 341 ceciderint,
956 294 1077 329 divum
1104 294 1243 329 Iulium
1267 292 1363 341 apud
1387 290 1553 328 Alesiam
1578 290 1788 326 obsederint.
1844 289 1946 340 Quid
1969 289 2002 324 si

80 349 273 387 ,memoria
306 356 431 381 eorum
444 345 664 392 moreretur,
689 344 750 391 qui
774 344 947 392 capitolio
968 353 1001 381 et
1025 356 1090 381 ara
1119 345 1297 382 Romana
1321 342 1486 379 manibus
1511 341 1702 379 eorundem
1728 351 1796 389 per
1823 350 1861 376 se
1891 336 2003 376 satis.

85 401 289 449 fruermtw·
311 402 397 431 'sane
423 394 592 430 vocabulo
617 395 788 436 civitatis;
823 396 977 441 insignia
995 404 1156 443 patrum,
1182 396 1309 431 decora
1333 395 1612 442 magistratuum
1638 404 1680 428 ne
1708 391 1903 437 vulgarent.

274 457 316 492 In
352 468 428 506 quo
463 455 594 507 inique
627 467 779 494 mecum
818 456 880 509 agi
913 456 1042 495 video.
1093 457 1191 493 Nam
1223 457 1263 493 in
1293 455 1439 505 truncis
1475 454 1560 506 quis
1595 462 1740 491 certam
1767 450 1999 498 medicinam

93 514 266 559 praestet
283 505 302 542 ’.θ
329 502 407 542 Sed
434 508 571 543 tamen'
588 506 677 556 quid
696 507 897 556 possimus,
923 507 1176 556 experiamur.
1226 508 1282 544 Ita
1304 507 1434 556 igitur,
1448 514 1496 543 ut
1513 503 1796 554 praescribitur
1815 503 1936 547 locus,
1963 502 2002 537 in

94 557 231 596 codice
255 555 408 606 legitur,
433 554 739 606 nisiqu'odnon
764 556 909 602 habere
934 556 1088 595 videtur
1104 570 1174 606 per
1195 569 1265 606 Vsa,
1298 556 1364 593 sed
1396 554 1484 605 9³¹³·
1538 556 1607 592 Est
1641 558 1766 590 autem
1797 564 1820 589 e
1854 554 2004 589 senten-

93 608 169 645 tiae
195 607 359 643 decursu
383 606 652 654 expediendus.
704 606 892 643 Nimirum
919 608 1089 656 pugnant
1113 607 1177 643 hic
1201 613 1352 656 patres,
1379 619 1427 642 ne
1453 605 1648 654 primores
1681 603 1830 640 Galliae
1865 603 2002 640 Coma-

92 665 166 706 tae,
191 655 391 693 civitatem
409 656 625 690 Romanam
651 655 799 705 pridem
828 657 1005 706 assecuti,
1030 657 1088 702 ius
1116 656 1454 706 adipiscendorum
1481 656 1520 691 in
1547 653 1643 692 urbe
1675 653 1868 691 honorum
1900 651 2002 689 scci-

92 706 209 757 piant.
261 704 407 741 Urbem
432 711 613 754 tanquam
642 704 680 741 in
706 707 968 763 captivitatem
1002 715 1205 745 venturam
1238 719 1392 755 eorum,
1428 705 1495 755 qui
1528 703 1734 762 quondam'
1758 703 1888 738 hostes
1914 709 2002 738 eam

93 757 130 794 vi
155 764 195 793 et
218 754 327 791 ferro
354 754 551 803 petierint,
575 755 699 803 ipsum
725 755 856 792 divum
884 758 1022 792 Iulium
1046 758 1203 794 Alesiae
1229 756 1460 795 obsederint.
1497 755 1599 789 Hinc
1625 753 1701 788 iam
1728 753 1800 788 alia
1827 751 2003 800 exempla

93 819 139 844 ac
163 805 226 844 vel
252 811 343 854 post
368 803 498 842 divum
524 804 660 841 Iulium
688 805 877 842 atrociora
905 805 1050 856 quaeri,
1076 818 1123 843 ex
1150 805 1338 856 particula
1363 806 1450 854 quid
1483 806 1517 842 si
1549 802 1796 840 manifestum
1822 807 1891 838 est.
1942 802 2002 838 Ea

93 868 188 895 vero
207 855 396 905 exempla,
422 854 596 905 (quippe,
620 855 722 903 apud
749 856 952 898 Claudium
978 856 1111 894 dicunt
1134 853 1765 904 vehementissimum‘antiquitatis
1793 851 2002 889 admirato·

92 906 212 956 rem),
243 913 469 955 spernentes
494 905 565 941 ista
589 905 774 955 recentia,
805 919 826 942 a
852 913 1040 944 vetustate
1065 915 1221 956 petunt:
1262 906 1362 965 Quid
1385 907 1417 942 si
1441 907 1617 943 memoria
1644 904 1999 942 conaninoreretur.

89 957 156 993 Sic
182 956 283 993 enim
306 955 500 992 lenissime
525 962 723 992 moreretur
749 955 1034 1006 corrigendum,
1058 964 1101 993 ut
1126 957 1201 992 iam
1235 956 1298 992 ali1
1329 955 1525 1004 viderunt,
1556 955 1628 991 nisi
1655 954 1758 1003 quod
1786 954 2001 1000 inorirentur

91 1004 275 1043 scribunt.
326 1005 459 1055 Neque
483 1011 611 1041 tamen
633 1012 795 1054 propter
820 1018 936 1043 unam
960 1005 1159 1044 lenitatem
1183 1007 1234 1044 ita
1261 1002 1507 1044 scribendum
1534 1010 1603 1063 est,
1628 1003 1697 1040 sed
1726 1003 1815 1054 quia
1835 1001 2001 1040 verbum

92 1054 359 1093 inveniendum
382 1062 477 1100 erat,
502 1068 581 1104 quo
607 1063 746 1103 sponte
772 1056 914 1093 tristem
952 1069 1037 1094 eam
1069 1057 1296 1093 memoriam
1329 1056 1462 1093 exitari
1496 1068 1605 1106 quast
1634 1053 1683 1093 de'
1717 1052 1852 1089 inferis
1887 1051 2002 1088 senti-

91 1117 231 1142 remus.
256 1105 333 1141 tale
359 1104 458 1142 enim
487 1104 592 1141 hunc
618 1104 800 1141 orationis
832 1118 1081 1156 progressum
1108 1105 1331 1143 desiderare
1357 1105 1461 1142 ultro
1488 1105 1618 1156 liquet.
1649 1111 1686 1142 et
1711 1110 1871 1153 propter
1897 1100 2000 1138 hanc

93 1156 216 1206 ipsam
241 1167 394 1192 causam
420 1166 520 1192 nova
546 1156 620 1191 hac
647 1156 925 1203 compositione
949 1157 1083 1203 utitur,
1107 1170 1180 1207 qua
1207 1158 1295 1193 oriri
1319 1154 1498 1193 infestam
1524 1153 1855 1204 praepositionem
1880 1153 1917 1188 in
1942 1164 2001 1188 as-

95 1205 224 1243 sumit.
275 1206 353 1241 lam
381 1216 475 1242 vero
477 1204 633 1290 ‘quibus
652 1218 672 1240 a
699 1204 814 1241 rebus
841 1206 1086 1256 exaggeratio
1109 1207 1280 1256 quaesita
1302 1207 1364 1255 sit,
1390 1205 1472 1255 ipsa
1498 1205 1622 1241 oratio
1649 1203 1785 1253 aperit.
1835 1202 1933 1238 Nam
1958 1201 1999 1237 in

90 1255 241 1292 receati
265 1254 452 1291 memoria
518 1255 603 1294 lesia
630 1262 725 1299 erat,
748 1255 787 1290 in
812 1255 963 1305 antiqua
992 1256 1114 1304 ipsum
1140 1257 1347 1304 capitolium
1372 1264 1411 1292 et
1435 1268 1500 1291 ara
1527 1256 1724 1300 Romamn
1765 1254 1864 1289 Num
1891 1263 1998 1287 aram

90 1304 293 1342 Maximam
320 1302 527 1355 intelligit?
561 1303 801 1341 Et‘fortasse
827 1304 907 1341 illic
933 1317 953 1341 a
980 1304 1101 1342 Gallis
1128 1305 1353 1342 senes-illos
1379 1304 1649 1353 triumphales,
1675 1315 1753 1340 nou
1780 1301 1932 1339 aedium
1958 1300 1999 1336 in

90 1354 288 1393 vestibulis
317 1366 448 1391 caesos
475 1362 582 1391 vetus
609 1362 692 1390 erat
716 1352 818 1390 fama
843 1355 970 1393 refota
996 1368 1069 1404 per
1094 1355 1317 1402 Claudium3
1354 1358 1406 1403 ,an
1434 1354 1719 1404 corrigendum,
1743 1353 1782 1389 in
1798 1353 1891 1403 soro
1920 1351 2000 1388 Ro-

90 1403 226 1442 mano?
262 1417 349 1440 nam
382 1403 520 1448 arcerh,
551 1416 664 1453 quam
699 1404 761 1439 alii
824 1404 1044 1452 uaesivere,
1075 1412 1238 1454 propter
1266 1405 1464 1456 sequentia
1499 1417 1516 1440 s
1546 1404 1736 1453 reverim,
1767 1410 2000 1451 teneamque

91 1467 197 1492 aram
232 1462 270 1491 et
283 1455 510 1511 interpreter
528 1453 746 1490 Maximam.
778 1418 863 1490 liiii:
876 1454 995 1504 igitur
1019 1468 1040 1491 a
1056 1455 1177 1502 Gallis
1192 1455 1308 1492 Iulius
1333 1417 1589 1500 obse-§suffizic
1615 1454 1806 1491 eorundem
1820 1451 1998 1500 manibus,

118 1503 183 1541 uid
223 1504 326 1541 aliud
353 1504 476 1553 dicas,
522 1503 594 1540 nisi
629 1505 778 1540 occisos
821 1512 1014 1541 senatores
1056 1505 1263 1542 Romanos.
1298 1513 1432 1555 gentes
1473 1502 1764 1554 antiquissimas,
1806 1500 1999 1551 Papirios,

91 1519 210 1593 iiiios?
232 1555 302 1591 His
328 1554 448 1604 igitur
470 1554 666 1604 ingressus
687 1554 870 1605 vestigiis,
891 1559 1021 1606 neque
1045 1555 1253 1606 quidquam
1279 1555 1318 1591 in
1344 1555 1489 1592 codicis
1514 1554 1683 1592 lectione
1707 1560 1872 1600 mutans,
1905 1550 1998 1600 (nisi

91 1605 197 1655 quod
222 1613 310 1654 post
334 1607 395 1652 qui
420 1606 457 1640 in
483 1604 641 1652 addidi)
668 1604 734 1642 sed
759 1605 938 1642 vitiosum
962 1604 1041 1656 μετ’
1087 1606 1241 1643 solvens
1268 1606 1320 1642 ita
1344 1606 1453 1655 lego:
1492 1605 1590 1657 Quid
1612 1607 1644 1641 si
1669 1605 1846 1641 memoria
1870 1613 1997 1639 eorum

69 1657 295 1703 >inoreremr,
327 1656 390 1703 qui
413 1657 450 1690 in
476 1655 642 1702 capitolio
671 1664 703 1690 et
729 1667 794 1691 ara
819 1656 996 1691 Romana
1028 1657 1193 1692 manibus
1225 1657 1417 1697 eorundem
1437 1654 1634 1704 perissent?
1683 1654 1759 1695 Hic
1785 1653 1885 1691 enim
1910 1663 1997 1688 ora-

91 1704 232 1740 tionem
263 1703 365 1740 finiri
391 1711 431 1740 et
454 1704 724 1754 praecedentis
763 1706 972 1749 sententiae
998 1713 1134 1742 natura
1160 1705 1397 1743 demonstrat
1421 1713 1461 1742 et
1486 1704 1718 1763 insequentis
1749 1701 2000 1753 comparatio.

95 1753 194 1790 Satis
226 1755 326 1789 enim
354 1755 431 1790 huc
463 1754 661 1802 pertinere
685 1755 829 1791 clarum
854 1763 924 1791 est.
976 1756 1158 1806 Sequitur
1188 1757 1289 1792 enim
1315 1756 1390 1791 iam
1417 1768 1462 1791 ea
1492 1756 1674 1791 orationis
1701 1767 1806 1803 pars,
1831 1766 1905 1803 qua
1932 1751 1997 1788 ad·

94 1802 267 1840 versariis
292 1804 540 1853 respondent,
565 1804 629 1854 qui
654 1803 822 1841 honores
850 1804 971 1841 Gallis
998 1805 1277 1847 concedebant.
1330 1804 1556 1842 Concedunt
1582 1804 1700 1855 igitur
1727 1804 1841 1841 etiam
1859 1801 1899 1838 hi
1928 1801 1996 1837 ali-

92 1852 185 1902 quid
194 1864 206 1898 ;
229 1853 434 1901 fruerentur
461 1866 546 1890 sane
574 1855 745 1890 vocabulo
777 1856 939 1899 civitatis,
971 1855 1040 1890 sed
1072 1855 1125 1890 ita
1156 1863 1199 1891 ut
1224 1856 1323 1892 ultra
1358 1855 1535 1892 addenda
1564 1854 1753 1890 beneficia
1785 1853 1994 1901 denegentz

91 1903 246 1948 insignia
263 1911 411 1950 patrum
434 1916 478 1940 ne
504 1904 696 1951 vulgarent.
738 1903 867 1958 Quum
893 1903 1010 1954 igitur
1031 1904 1151 1942 verba
1168 1904 1377 1955 fruerentur
1402 1913 1471 1943 etc.
1497 1903 1686 1942 beneficia
1712 1904 1785 1941 iam
1810 1912 1995 1940 concessa

90 1952 173 2000 ipsa
197 1952 402 1998 nominent,
438 1954 531 2003 quid
558 1955 678 2003 magis
703 1953 917 2003 probabile,
948 1967 1062 2004 quam
1093 1954 1191 1991 Satis
1216 1955 1404 2004 incepisse
1429 1955 1652 1992 sententiam
1678 1965 1775 1999 eam,
1801 1965 1878 2004 qua
1904 1951 1995 1988 satis

90 2012 229 2050 magna
255 2001 304 2036 ad
328 2001 482 2039 illorum
515 2004 652 2040 merita
686 2004 760 2040 iam
795 2016 876 2041 esse
909 2004 995 2041 data
1022 2003 1209 2041 beneficia
1236 2003 1481 2042 statuebant?
1545 2004 1656 2057 Quae
1681 2002 1812 2054 qualia
1838 2001 1995 2046 fuerint,

92 2057 137 2087 et*
158 2050 311 2087 aliunde
337 2059 375 2088 et
401 2064 449 2088 ex
480 2062 633 2091 senatus
666 2054 854 2100 consulto,
888 2054 992 2106 quod
1017 2053 1094 2092 fine
1121 2067 1204 2105 cap.
1231 2055 1294 2095 24.
1321 2054 1495 2099 affertur,
1528 2054 1618 2091 satis
1642 2054 1889 2104 perspicuum
1915 2058 1994 2089 est:

92 2101 216 2138 Primi
240 2099 361 2137 Aedui
392 2113 599 2141 senatorum
630 2105 667 2142 in
697 2106 781 2142 urbe
811 2108 867 2143 ius
891 2107 1009 2154 adepti
1033 2115 1125 2143 sunt.
1176 2106 1316 2143 Discum
1341 2107 1379 2142 id
1391 2106 1537 2155 foederi
1567 2107 1728 2160 antiquo,
1760 2114 1793 2141 et
1816 2105 1901 2153 quia
1924 2101 1994 2138 soli

91 2150 279 2209 pallorum
299 2152 534 2209 fsafernitatz‘s
559 2167 690 2192 nomen
725 2163 807 2192 cum'
828 2156 974 2204 Populo
998 2157 1175 2193 Romano
1209 2157 1391 2204 asurpant.
1435 2155 1701 2211 Quapropter,
1723 2155 1831 2192 etiam
1858 2152 1889 2188 si
1913 2162 1993 2186 non
2027 2190 2034 2196 ,

90 2212 121 2259 is
148 2212 242 2249 sum,
265 2213 336 2256 qui
358 2214 440 2250 lpsa
465 2203 589 2241 Taciti
615 2204 736 2242 verba
762 2217 825 2241 me
848 2218 964 2256 posse
991 2205 1163 2243 divinare
1188 2205 1366 2253 arbitrer,
1390 2206 1619 2256 praesertim
1645 2217 1728 2242 cum
1755 2203 1803 2239 de
1826 2211 1992 2238 numero

89 2250 287 2286 literarum
307 2263 402 2299 quae
423 2251 649 2301 interierint,
672 2255 766 2291 nihil
783 2255 1005 2303 doceamur,
1029 2256 1148 2292 talem
1169 2256 1404 2293 tamen‘fere
1427 2256 1645 2294 sententiam
1669 2253 1815 2303 perisse
1841 2250 1991 2287 iudico:
2051 2298 2054 2299 ⁷

93 2298 192 2337 Satis
216 2300 345 2347 honori
369 2301 512 2344 danim,-
527 2302 737 2352 fruerentur
761 2317 845 2342 sane
869 2305 1039 2343 vocabulo
1063 2307 1228 2344 civitatis.

876 2380 990 2417 Ann.
1015 2380 1098 2425 xn,
1126 2378 1189 2421 65.

120 2485 128 2492 .
258 2427 333 2495 '‘Ob
358 2437 444 2474 haec
466 2438 665 2490 (Lepidae)
690 2454 791 2479 mors
815 2443 945 2479 indicta
969 2443 1124 2480 multum
1147 2444 1352 2479 adversante
1367 2441 1554 2486 Narcisso,
1571 2438 1632 2487 qui
1643 2434 1887 2485 Agrippinam
1910 2446 1991 2472 ma-

86 2494 145 2531 gls
176 2494 362 2534 magisque
393 2498 597 2538 suspectans
616 2493 839 2541 prompsisse
864 2493 954 2529 inter
975 2494 1172 2542 proximos
1194 2493 1389 2542 ferebatur,
1425 2489 1567 2527 Cer-tam
1599 2488 1668 2525 sibi
1691 2487 1912 2537 pemiciem,-
1928 2496 1992 2523 seu
