2152 2691
874 74 1193 120 —22-

73 198 184 242 riuti
238 214 349 241 arum
376 200 622 247 successerit,
644 211 755 236 meae
781 199 966 237 succedat
990 200 1241 249 simplicitati.
1293 202 1426 251 Itaque
1458 202 1622 251 loquens
1656 204 1848 243 inducitur
1877 206 1996 244 Boio-

76 255 198 305 culus,
250 264 340 290 omo
365 251 590 297 Germanus,
616 249 685 336 gui
716 262 833 301 quum
863 250 1099 300 Ampsivarii
1131 265 1153 289 a
1188 251 1355 289 Chaucis
1387 263 1411 288 e
1443 251 1601 290 sedibus
1635 255 1738 304 pulsi
1769 267 1884 306 agros
1916 256 1996 294 late

74 312 265 356 patentes,
344 303 358 339 i
382 304 423 339 in
448 301 590 338 finibus
655 300 849 337 ermaniae
875 300 991 337 vacui
1019 301 1205 350 iacebant,
1230 310 1270 340 et
1295 314 1394 351 quos
1420 309 1508 338 ante
1535 303 1612 340 iam
1637 305 1755 345 Frisii
1780 318 1997 355 occupave-

76 361 178 402 rant,
202 315 449 401 insegiiasent,
484 351 625 388 cedere
649 362 670 387 e
694 350 804 387 novis
830 349 985 387 sedibus
1015 351 1140 389 iussus
1178 365 1200 388 a
1224 351 1353 388 Dubio
1382 351 1500 388 Avito
1535 353 1844 404 indignabundus
1877 368 1923 392 ea
1949 356 1996 394 de

75 406 220 443 iniuria
246 404 406 441 disserit.
443 402 581 453 Neque
607 400 711 437 enim
736 400 922 438 Germani
947 401 1156 439 nomadum
1177 403 1345 441 instituta
1365 411 1550 440 noverant
1571 412 1610 442 et
1630 417 1862 454 pascuorum
1882 419 1994 444 causa

77 462 226 494 vacuos
259 454 386 490 iacere
416 463 531 501 agros
562 451 804 487 insolentiam
834 451 1202 500 interpretabantur:
1249 453 1363 489 Sicuti
1391 453 1528 489 caelum
1554 455 1644 499 deis,
1676 458 1726 492 ita
1758 466 1888 505 terras,
1919 457 1995 493 aie-

76 505 187 553 bant,
208 505 330 553 generi
356 503 567 540 mortalium
592 503 708 546 dama,
734 513 893 550 quaeque
919 514 1063 552 vacuae,
1091 516 1151 540 eus
1170 504 1332 551 publicas
1357 514 1441 539 esse.
1491 504 1670 554 Ingentes
1696 505 1813 557 igitur
1839 519 1995 557 campos

79 557 209 594 iacere
234 554 500 604 conqueritur,
525 553 565 589 in
582 564 678 602 quos
695 551 903 601 aliquando
929 564 1077 601 pecora
1104 554 1266 590 militum
1292 553 1542 591 mitterentur.
1581 556 1718 606 Neque
1738 568 1780 593 se
1795 556 1996 603 obsistere,

80 605 285 658 quominus
317 612 432 663 agros
472 602 564 640 huic
597 601 685 639 usui
715 610 896 651 receptos
934 615 1001 640 seu
1035 611 1241 653 exceptos,
1278 615 1507 654 quamquam
1531 604 1674 642 medios
1704 606 1806 643 inter
1830 606 1996 643 humana

81 654 316 694 commercia
342 654 605 703 interpositos,
631 661 848 699 servarent3
878 653 997 691 modo
1030 666 1079 690 ne
1105 667 1147 691 se
1174 666 1221 692 ex
1246 666 1380 690 eorum
1407 654 1535 704 aliqua
1562 664 1674 704 parte
1702 664 1887 703 arcerent,
1912 670 1997 695 vas-

78 707 311 756 titatemque
344 705 524 749 mallent,
557 715 673 754 quam
704 704 846 740 amicos
880 704 1059 752 populos.
1115 705 1223 741 Haec
1281 704 1405 743 uidem
1438 703 1548 741 buius
1581 705 1659 742 loci
1698 708 1890 744 sententia
1927 715 1996 745 est.

78 757 178 794 Nam
258 767 325 792 um
352 755 466 802 dicit,
505 754 671 808 Quotam
697 763 840 802 partem
864 756 983 803 campi
1010 757 1122 792 iacere
1148 718 1447 802 etc-,qbreviter
1471 754 1510 791 in
1537 768 1652 792 unam
1674 756 1768 793 duas
1793 759 1996 795 sententias

79 815 217 846 contra
247 806 294 843 ’τὲ
330 805 522 862 Quantam
550 812 701 853 partem
724 803 863 849 iacere,
891 812 927 841 et
953 813 1112 854 quotam
1139 817 1181 841 se
1205 804 1294 841 inde
1319 817 1478 841 suorum
1505 805 1544 842 in
1570 819 1683 843 usum
1709 818 1885 855 poscere.
1919 807 1993 846 Vel

80 858 115 896 si
139 870 183 897 ea
209 855 476 906 interpretatio
503 854 640 893 durior
663 853 853 900 videatur,
878 854 932 891 ita
953 856 1133 907 eloquar:
1160 855 1329 893 Festinat
1354 855 1403 892 ad
1427 855 1672 904 propositum
1698 864 1844 903 orator,
1863 858 1994 908 itaque

108 916 223 945 nanta
250 906 408 944 omnino
435 918 527 955 pars
554 905 638 956 agri
663 904 799 950 iaceat,
825 905 1030 954 praeterit,
1054 906 1258 956 statimque
1284 913 1440 955 quotam
1465 913 1637 955 partem,
1670 909 1726 953 (in
1758 921 1871 957 quam
1897 910 1997 945 inter·

79 919 167 996 gum
189 957 356 995 militum
382 967 527 1008 pecora
550 956 784 1003 mittantur),
808 957 868 992 sui
894 961 1063 1005 teneant,
1090 963 1377 994 commemorat.
1429 956 1633 1007 Reliquam
1656 957 1707 994 ab
1720 958 1881 995 aliarum
1906 970 1999 1009 gen-

79 1010 178 1046 tium
202 1007 417 1045 insessione
441 1005 646 1056 recipiant,
671 1013 898 1056 serventque
922 1007 1082 1043 militum
1110 1006 1292 1057 gregibus
1319 1005 1480 1044 tuendis.
1533 1006 1775 1061 Quamquam
1802 1008 1852 1046 de
1874 1009 1997 1059 prima

82 1059 239 1110 quidem
262 1057 377 1093 huius
402 1055 589 1094 orationis
621 1063 734 1105 parte
760 1056 1068 1106 interpretanda,
1101 1068 1220 1106 quum
1252 1056 1346 1092 mibi
1376 1065 1502 1093 tamen
1528 1069 1604 1092 non
1630 1057 1845 1106 simplicior
1869 1059 1999 1095 videa-

77 1116 155 1157 tur,
178 1116 298 1161 quam
321 1107 503 1158 proxime
534 1107 760 1157 insequens,
786 1106 837 1142 de
900 1119 947 1142 ua
979 1118 1113 1143 omnes
1146 1105 1307 1143 maxime
1339 1105 1438 1143 inter
1467 1118 1510 1143 se
1541 1106 1784 1157 discrepant,
1810 1109 1995 1146 neminem

80 1159 291 1198 admodum
317 1158 429 1196 video
457 1157 706 1194 dubitavisse.
758 1156 833 1193 Sed
893 1169 915 1192 e
948 1157 1082 1206 altera,
1137 1157 1325 1194 Servarent
1357 1169 1462 1204 sane,
1492 1159 1655 1196 multum
1686 1158 1759 1199 viri
1783 1158 1889 1196 docti
1915 1172 1996 1196 mo-

78 1211 238 1247 liuntur.
276 1209 395 1244 Nullo
421 1215 550 1244 tamen
577 1208 673 1243 iure.
715 1207 812 1242 Nam
837 1213 995 1255 praeter
1021 1207 1310 1244 coniunctivum
1336 1217 1514 1250 servarent
1541 1216 1674 1257 aperte
1700 1210 1887 1258 particula
1911 1222 1997 1246 sane

80 1258 327 1300 concedentis
353 1258 453 1296 hanc
480 1270 562 1295 esse
588 1256 804 1294 orationem
830 1257 1090 1305 demonstrat3
1125 1257 1305 1308 idemque
1328 1257 1391 1294 vel
1419 1257 1627 1296 evidentius
1649 1258 1766 1297 docet
1789 1260 1913 1297 oratio
1939 1260 1996 1297 in-

80 1322 259 1363 sequens,
286 1321 363 1360 qua
389 1308 495 1358 quod
523 1319 719 1357 nunquam
744 1307 1037 1343 concedendum
1063 1307 1272 1343 arbitratur
1294 1308 1504 1345 Boiocalus
1531 1310 1693 1357 opponit
1719 1310 1755 1345 ei
1781 1310 1887 1359 quod
1906 1322 1995 1346 con-

82 1365 270 1400 cesserat:
300 1358 413 1396 modo
436 1366 480 1410 ne
505 1358 651 1395 mallent
679 1358 884 1394 vastitatem
912 1363 982 1394 etc.
1020 1356 1158 1408 Neque
1190 1357 1317 1394 minus
1351 1355 1455 1408 quid³
1476 1358 1683 1408 concedat,
1715 1367 1845 1418 potest
1876 1359 1995 1397 ambi-

80 1424 201 1462 guum
235 1421 332 1446 esse.
384 1409 483 1445 Nam
522 1420 623 1457 quae
661 1420 683 1443 a
718 1409 855 1455 campis
887 1414 1050 1457 propter
1085 1419 1221 1457 greges
1259 1410 1378 1444 vacuis
1411 1408 1629 1457 exorditur,
1655 1417 1693 1446 et
1717 1423 1756 1445 in
1782 1413 1995 1456 vastitatem,

80 1473 180 1513 quae
204 1467 370 1509 propter
391 1458 556 1495 eundem
580 1469 691 1494 usum
711 1457 883 1494 instituta
899 1456 959 1502 sit,
980 1456 1252 1494 exsecrandam
1275 1456 1406 1494 finitur
1424 1457 1560 1506 oratio,
1578 1458 1703 1494 media
1720 1467 1844 1495 autem
1860 1460 1995 1497 iisdem

80 1510 272 1563 gregibus·
299 1508 445 1559 aliquid
478 1507 676 1555 concedit,
709 1507 803 1557 quid
835 1517 979 1558 quaeso
1013 1519 1058 1543 ea
1090 1507 1163 1543 nisi
1196 1519 1344 1555 campos
1376 1507 1594 1544 concedere
1623 1509 1790 1558 poterit?
1827 1511 1996 1547 Utuntur

78 1573 178 1600 vero
204 1560 277 1597 hac
299 1558 601 1618 Paromologiae
625 1557 768 1608 figura,
809 1565 851 1594 ut
883 1568 984 1607 quae
1017 1556 1199 1594 affectum
1231 1557 1441 1607 praecipue
1475 1557 1627 1602 deceat,
1667 1559 1790 1595 Taciti
1825 1568 1997 1599 oratores

28 1631 31 1633 ·
78 1610 315 1661 saepissime.
363 1610 445 1647 Nos
467 1609 624 1660 quidem
650 1608 766 1658 plane
791 1608 956 1645 similem
987 1620 1103 1659 supra
1129 1607 1333 1645 habuimus
1368 1609 1439 1653 XI,
1473 1608 1545 1647 23:
1581 1609 1795 1646 fruerentur
1824 1622 1911 1647 sane
1940 1624 1996 1649 νο-

78 1662 206 1700 cabulo
233 1661 406 1702 civitati&
444 1661 599 1705 insignia
618 1669 769 1707 patrum
791 1660 917 1695 decora
942 1661 1223 1704 magistratimm
1247 1672 1290 1694 ne.
1317 1660 1511 1704 vulgarent.
1561 1659 1658 1694 Nam
1693 1659 1732 1695 in
1759 1667 1925 1711 utroque
1950 1673 1996 1698 ea

79 1724 182 1765 quae
207 1710 477 1749 conceduntur
500 1709 566 1748 vix
593 1707 856 1755 concedenda,
881 1709 1105 1746 sed-tamen
1130 1709 1247 1745 nimia
1273 1708 1439 1759 quadam
1470 1707 1658 1746 modestia
1690 1708 1753 1746 vel
1787 1710 1903 1747 anim-i
1928 1711 1997 1749 bo·

77 1762 200 1801 nitate
230 1761 434 1811 largienda
466 1759 688 1810 finguntur,
723 1771 800 1809 quo
840 1759 898 1796 vel
935 1759 1155 1807 perversius
1190 1759 1254 1796 vel
1286 1758 1455 1795 atrocius
1487 1759 1528 1795 id
1552 1771 1637 1796 esse
1662 1768 1864 1808 appareat,
1890 1763 1996 1813 quod

79 1811 224 1851 deiude
249 1811 331 1848 ullo
357 1810 476 1848 modo
498 1809 792 1849 concedendum
818 1816 993 1860 negatur.
1045 1810 1105 1845 Ex
1130 1807 1269 1846 eodem
1298 1820 1419 1859 porro
1453 1808 1617 1846 consilio
1652 1821 1888 1861 consequens
1924 1820 1994 1860 est,

78 1871 124 1901 ut
149 1871 230 1922 quo
258 1862 389 1899 acrior
410 1862 511 1898 inter
535 1873 718 1898 concessa
745 1869 780 1898 et
808 1874 883 1897 non
910 1860 1158 1898 concedenda
1187 1860 1385 1897 antithesis
1411 1859 1470 1907 sit,
1495 1860 1560 1896 illa
1582 1860 1665 1910 ipsa
1679 1871 1862 1899 concessa
1880 1876 1994 1913 quam

79 1919 231 1965 possint
254 1912 423 1955 maxime
446 1911 719 1947 deminuantur
745 1919 785 1947 et
809 1918 1045 1948 coartentur.
1097 1910 1216 1949 Velut
1237 1922 1354 1960 snpra
1385 1908 1645 1947 vocabulum
1675 1914 1827 1947 civitatis
1860 1914 1998 1950 volunt

80 1963 322 2002 concessisse
347 1961 487 2000 videri.
539 1960 688 1998 Eadem
713 1973 809 1999 vero
835 1961 950 2011 plane
977 1973 1037 1998 res
1069 1972 1169 1998 nunc
1201 1959 1345 2011 agitur,
1376 1960 1446 1997 ubi
1478 1960 1528 1998 de
1560 1961 1793 2000 commercio
1826 1961 1994 2001 humano

78 2016 287 2053 locuturus
314 2025 359 2050 ea
385 2011 600 2060 hyperbole
625 2012 757 2055 utitur,
783 2019 826 2047 ut
852 2012 933 2048 eius
959 2011 1050 2047 loco
1077 2013 1265 2048 hominum
1279 2013 1431 2059 famam
1455 2011 1643 2060 proferat.
1669 2023 1757 2047 nam
1782 2021 1995 2050 extremum

81 2076 128 2102 ac
152 2062 364 2111 minimum,
390 2062 496 2113 quod
519 2061 625 2099 inter
651 2072 694 2098 se
718 2061 893 2098 homines
921 2072 1125 2098 commune
1148 2060 1296 2098 habere
1324 2068 1504 2110 possunt,
1539 2060 1689 2097 auditus
1727 2068 1767 2098 et
1799 2061 1900 2099 fama
1926 2071 1995 2099 est.

79 2114 207 2155 Vacui
234 2113 373 2162 campi,
399 2113 462 2158 ait,
487 2125 565 2163 quo
592 2112 792 2148 hominum
820 2111 1005 2161 quaedam
1032 2110 1133 2147 fama
1160 2111 1363 2161 pervenire
1384 2112 1517 2160 possit,
1538 2124 1721 2169 nusquam
1737 2112 1994 2164 relinquendi,

79 2164 146 2202 sed
172 2163 311 2214 generi
337 2163 556 2198 mortalium
584 2176 606 2198 a
633 2162 691 2198 dis
720 2162 799 2198 dati
827 2161 1008 2197 censendi
1035 2169 1134 2197 sunt.
1184 2161 1262 2199 Sed
1299 2169 1400 2206 esto,
1435 2159 1580 2211 aliquid
1615 2175 1653 2197 m
1687 2174 1799 2198 usum
1831 2175 1994 2212 gregum

81 2215 287 2264 seponatis.
328 2210 445 2266 Quid,
472 2212 504 2247 si
525 2212 742 2261 vastitatem
769 2211 896 2258 vultis,
918 2210 1039 2261 >quam
1065 2211 1207 2248 amicos
1231 2211 1424 2261 populos?
1464 2213 1598 2262 Neque
1623 2210 1758 2256 silebo,
1785 2212 1877 2263 quid
1903 2213 1995 2250 effe-

76 2264 191 2309 verit,
217 2271 261 2300 ut
284 2264 382 2300 haec
410 2261 502 2299 satis
528 2261 614 2308 iam,
640 2262 673 2298 si
699 2262 794 2312 quid
822 2262 947 2307 video,
972 2261 1131 2298 illustris
1157 2262 1279 2298 oratio
1304 2261 1509 2298 obscurior
1540 2261 1665 2298 videri
1690 2262 1867 2311 potuerit.
1920 2264 1995 2299 Ne-

81 2325 158 2365 que
182 2313 285 2351 enim
309 2313 393 2350 sola
420 2310 605 2349 orationis
632 2311 802 2349 brevitas
821 2312 985 2349 molesta
1014 2318 1083 2357 est,
1109 2314 1198 2348 inter
1222 2313 1411 2349 hominum
1425 2313 1599 2361 famarm·
1632 2324 1720 2349 nam
1747 2324 1832 2349 eam
1857 2313 1895 2347 in
1922 2314 1995 2348 Ta-

84 2364 163 2403 cito
192 2363 268 2401 cito
294 2364 452 2401 vincere
479 2362 686 2409 discimus3
727 2363 847 2400 veluti
873 2375 987 2400 nemo
1014 2361 1189 2408 haereat,
1221 2362 1254 2399 si
1280 2361 1375 2412 quid
1402 2374 1570 2413 unquam
1596 2362 1699 2399 inter
1723 2361 1920 2398 hominum
1946 2362 2002 2400 fa-

81 2428 186 2453 mam
211 2413 398 2452 accidisse
422 2421 607 2464 negetur3
642 2424 765 2464 neque
791 2413 828 2450 in
856 2425 925 2463 eo,
959 2412 992 2450 si
1027 2412 1118 2464 quid
1143 2413 1245 2450 inter
1273 2412 1471 2450 hcminum
1505 2412 1647 2450 famam
1679 2419 1860 2451 vetemur
1893 2424 1996 2450 com-

80 2466 252 2514 mitter03
291 2465 423 2515 magis,
449 2464 482 2501 si
509 2464 602 2515 quid
623 2463 736 2511 ,inter
755 2463 961 2501 hominum·
980 2462 1122 2501 famam
1148 2463 1279 2501 facere
1304 2463 1524 2511 iubeamur3
1559 2475 1659 2522 quae
1692 2474 1794 2499 nunc
1824 2475 1883 2501 res
1909 2478 1996 2502 nos-

81 2524 142 2553 tra
162 2524 232 2554 est.
260 2515 360 2554 ‘Sed
385 2515 508 2566 magis
534 2527 605 2555 nos
636 2521 810 2553 moratur
842 2514 1020 2567 neglecta
1053 2516 1208 2553 veritas.
1239 2527 1329 2552 nam
1360 2513 1536 2552 crebrius
1567 2514 1649 2551 111ic
1684 2519 1769 2550 erat
1797 2511 1997 2551 hominum
