2152 2691
889 75 1200 119 —10—

86 199 412 250 erat,›[longi‚nquo'·
431 199 477 236 ab
506 200 613 239 exilio
647 198 848 236 Tarentum
874 210 1034 245 regressa
1059 200 1199 236 labante
1221 184 1308 236 iam‘
1322 199 1544 250 Agrippina,
1577 206 1677 241 cuius
1701 206 1896 242 inimicitiis
1920 220 2002 245 con-

85 250 229 298 ciderat,
255 249 309 286 vel
331 249 479 287 tandem
502 250 680 296 mitigata.
738 249 906 288 Gunctari
933 252 969 287 in
995 250 1133 299 oppidis
1164 249 1392 300 Campaniae,
1423 264 1584 300 quonam
1608 255 1718 292 modo
1742 255 1865 293 urbem
1889 257 2000 304 ingre·

86 301 234 345 deretur,
264 312 314 336 an
332 301 547 348 obsequium
571 310 728 346 senatus,
761 313 809 337 an
835 302 953 338 studia
971 302 1087 349 plebis
1113 303 1277 349 reperiret
1303 304 1445 339 anxius.
1475 314 1600 341 contra
1626 307 1832 342 deterrimus
1855 309 2002 355 quisque

86 370 132 377 -
159 350 318 388 invisum
346 349 569 399 Agrippinae
603 363 738 388 nomen
770 359 804 388 et
838 360 955 389 morte
986 352 1060 388 eius
1092 364 1278 390 accensum
1307 353 1433 402 populi
1453 355 1628 402 savorem
1663 356 1850 396 disserunt.
1904 358 2003 395 Nam

81 405 291 450 postquam
321 400 475 436 aliis-ad
500 401 635 437 matris
668 400 783 438 foede
808 402 1023 438 trucidatae
1048 400 1233 438 inividiam
1260 403 1475 453 augendam
1507 403 1722 441 libertatem
1754 406 2003 456 regrediendi

83 452 123 486 in
149 449 289 487 urbem
323 449 518 500 paravisse
550 450 740 490 Neronem
775 451 944 500 tradidit,
961 482 964 485 i
979 452 1028 489 ad
1062 449 1178 501 ipsius
1214 452 1383 490 animum
1417 459 1601 491 venturus
1634 454 1866 504 particulam
1898 457 2002 495 haud

84 498 205 536 dubie
238 500 403 550 aliquam
435 508 523 538 ante
547 501 725 552 verbum,
764 503 931 539 Cunctari
964 502 1202 552 interposuit,
1236 503 1385 551 (veluti,
1412 505 1498 551 Ipse
1524 504 1711 552 cunctari).
1733 525 1736 529 ·
1764 518 1864 554 quae
1889 508 2003 544 nobis

86 549 187 587 male
206 557 342 599 erepta
368 558 438 588 est.
491 550 571 587 Sed
597 563 643 588 ea
666 552 794 611 qualis
819 551 950 598 fuerit,
970 550 1129 589 difficile
1144 557 1242 589 'sane
1268 561 1323 590 est
1348 554 1543 603 suspicari.
1571 553 1736 592 sortasse
1762 556 1894 593 interea
1919 556 2003 594 sue-

86 600 161 646 rit,'
186 613 285 650 quae
312 600 590 650 compendiose
616 610 761 651 scripta
789 616 809 639 a
835 602 955 639 verbo
981 602 1156 650 proxime
1181 603 1451 651 praecedente,
1475 606 1641 652 mitigata
1664 604 1799 641 hausta
1814 605 2002 643 videatur.

85 651 196 688 Nam‘
214 649 320 701 quod
352 663 456 688 nunc
487 651 812 702 interpolatorum
838 652 1028 689 librorum
1056 652 1275 703 lectionem,
1304 653 1533 691 Cunctanti-
1552 656 1661 692 anxio
1676 654 1889 694 -disserunt
1913 664 1995 693 tan-

88 707 170 736 tum
193 712 274 738 non
307 713 440 738 omnes
484 702 771 751 amplectuntur
804 702 1045 750 interpretes,
1086 702 1197 740 nimis
1237 703 1332 749 honi
1371 704 1549 741 censendi
1583 707 1680 742 sunt.
1709 699 1868 755 'Neque
1899 707 2003 743 enim

85 749 262 787 Latinum
289 757 356 799 est,
379 752 486 788 alicui
511 752 647 800 aliquid
669 754 849 797 disserere,
871 764 994 802 neque
1012 751 1137 788 Taciti
1163 754 1264 792 mori
1292 754 1548 804 consentiens,
1574 754 1750 804 opposita
1778 756 1935 792 consilia
1963 757 2002 792 in

85 813 200 836 unam
231 801 469 839 concludere
493 803 728 840 sententiam.
755 802 883 851 potius
909 814 1011 841 nova
1036 802 1160 839 oratio
1186 803 1322 853 incipit
1347 816 1369 840 a
1393 803 1518 842 verbis
1546 805 1623 843 hist
1650 814 1774 842 contra
1798 806 2004 844 deterrimus

86 851 233 899 quisque
258 860 321 888 etc.

887 903 998 939 Anu.
1026 903 1113 950 XII,
1143 902 1207 941 54.
1280 931 1283 933 »
1878 932 1903 940 ,4

270 950 326 988 At
358 963 433 988 non
456 952 578 1002 frater
610 953 684 988 eius
719 962 958 998 cognomento
992 950 1099 988 Feliai
1125 954 1209 1001 pari
1241 954 1486 990 moderatione
1512 955 1652 1001 agebat,
1678 956 1753 991 iam
1771 956 1913 1003 pridem
1939 956 2002 991 1u-

83 1001 192 1037 daeae
214 1001 411 1051 impositus,
431 1011 464 1039 et
489 1010 615 1039 cuncta
639 1001 831 1053 malefacta
855 1003 927 1039 sibi
952 1003 1094 1051 impune
1116 1012 1228 1049 ratuS‚
1252 1012 1352 1040 tanta
1371 1006 1547 1053 patientia
1573 1005 1738 1041 subnixo.

275 1065 481 1103 Patientiae
514 1077 616 1103 nunc
649 1078 779 1103 omnes
812 1065 1040 1115 praeferunt
1063 1069 1276 1115 potentiam,
1307 1078 1470 1117 eamque
1495 1066 1630 1104 fratris
1659 1066 1843 1113 Pallantis
1870 1065 2003 1102 dicunt

89 1125 184 1163 esse,
218 1114 269 1152 de
297 1128 372 1166 qua
399 1115 525 1166 capite
557 1116 758 1166 superiore
788 1123 986 1153 tractetur.
1037 1117 1088 1154 Et
1113 1115 1276 1155 fortasse
1302 1128 1387 1152 eam
1414 1116 1465 1152 ob
1492 1117 1532 1152 id
1559 1115 1791 1163 intulerunt,¹
1809 1115 1899 1166 quia
1924 1116 2000 1152 sub-

87 1167 159 1202 niti
181 1177 274 1202 sane
308 1166 476 1203 solemus
503 1166 618 1204 rebus
645 1166 815 1203 robustis
843 1174 883 1203 et
910 1166 1089 1214 fortibus,
1113 1167 1238 1226 qualis
1259 1166 1429 1216 potentia
1456 1175 1524 1216 est,
1549 1180 1626 1204 non
1652 1165 1817 1204 remissis
1844 1173 1880 1204 et
1905 1166 2001 1203 mol·

85 1214 201 1265 libus,
226 1216 350 1266 qualis
376 1223 433 1253 est
455 1216 646 1267 patientia.
698 1217 774 1254 Sed
798 1225 926 1254 tamen
952 1229 1067 1267 posse
1094 1218 1257 1268 aliquem
1283 1218 1399 1253 etiam
1424 1217 1601 1254 licentiae
1625 1228 1717 1253 suae
1738 1216 1861 1253 fulcra
1888 1228 2001 1266 quae-

85 1277 177 1301 rere
202 1265 241 1301 in
277 1266 402 1307 aliena
432 1267 630 1315 patientia,
661 1267 755 1303 nihil
784 1275 855 1315 est,
888 1267 995 1317 quod
1023 1268 1091 1318 qui
1114 1268 1231 1305 vitam
1263 1262 1475 1316 inspexerit
1506 1266 1666 1304 dubitet.
1718 1267 1852 1317 Neque
1879 1277 1923 1301 ea
1950 1265 1998 1303 ab

85 1315 163 1352 hoc
189 1314 281 1352 loco
314 1316 439 1362 aliena
473 1323 545 1353 est.
597 1316 750 1353 Claudii
775 1317 875 1353 enim
907 1317 1090 1367 patientia
1118 1325 1234 1366 atque
1259 1317 1412 1366 ignavia
1438 1317 1591 1353 ille‘vel
1617 1316 1750 1365 magis,
1783 1328 1896 1365 quam
1922 1314 1998 1351 fra-

87 1365 160 1403 tris
191 1365 508 1414 potentiafretus
536 1366 689 1416 quidvis
716 1366 894 1404 audebat.
947 1366 1065 1430 Quod
1090 1375 1132 1404 ut
1156 1366 1356 1416 probetur,
1385 1366 1516 1416 priora
1544 1365 1680 1417 capita,
1712 1376 1735 1401 e
1758 1364 1896 1416 quibus
1921 1363 1997 1409 hoc

87 1414 247 1464 pendet,
269 1423 464 1452 =accurate
495 1416 770 1465 perpendenda
797 1425 895 1453 sunt.
940 1419 1072 1465 *Caput
1101 1418 1200 1453 enim
1224 1418 1275 1455 52
1307 1418 1359 1453 ita
1398 1416 1743 1460 finituri-Laudati
1772 1416 1892 1451 dehinc
1921 1428 1997 1451 ora-

88 1467 186 1503 tione
210 1467 396 1516 principis,
427 1467 491 1515 qui
515 1466 561 1503 ob
595 1468 784 1513 angustias
801 1466 1011 1517 familiares
1035 1467 1157 1503 ordine
1181 1468 1362 1504 senatorio
1388 1475 1513 1514 sponte
1539 1467 1712 1509 cederent3
1745 1466 1902 1512 motique
1926 1466 1997 1513 qui

88 1517 351 1553 remanendo
392 1517 717 1564 impudentiam
749 1519 1005 1565 paupertati
1041 1519 1287 1554 adiicerent.
1356 1516 1617 1566 Subsequitur
1632 1515 1777 1553 —statim
1817 1526 1899 1564 cap.
1930 1514 1993 1553 53.

86 1565 274 1604 Pallantis
298 1565 557 1604 honorificum
581 1566 779 1616 iudicium,
812 1566 876 1603 cui
902 1566 953 1603 ob
980 1567 1101 1617 legem
1127 1567 1177 1603 de
1201 1563 1328 1616 poena
1359 1565 1604 1614 feminarum,
1631 1577 1730 1616 quae
1754 1565 1875 1602 servis
1906 1576 1996 1600 con-

87 1617 357 1667 iungerentur,
384 1617 519 1653 consul
553 1617 773 1667 designatus
805 1617 1001 1667 praetoria
1042 1617 1201 1668 iusignia
1236 1626 1275 1654 et
1315 1616 1458 1653 centies
1499 1615 1750 1667 quinquagies
1789 1614 1998 1652 sestertium

89 1673 304 1706 censuerat.
356 1666 587 1704 Asseveravit
622 1667 794 1704 Claudius
827 1677 1032 1705 contentum
1071 1668 1206 1705 honore
1238 1668 1447 1704 Pallantem
1477 1668 1571 1703 intra
1594 1667 1787 1714 priorem
1814 1678 1928 1713 paup
1937 1678 1993 1702 er-

88 1727 225 1755 tatem
252 1719 453 1754 subsistere.
509 1719 567 1754 Et
590 1720 743 1766 fixum
774 1728 839 1754 est
872 1732 967 1755 aere
991 1719 1171 1766 publico
1202 1717 1243 1755 S.
1274 1718 1335 1767 C.,
1360 1730 1442 1766 quo
1468 1718 1699 1754 libertinus
1722 1717 1914 1753 sestertii
1935 1724 1995 1753 ter

77 1768 235 1804 milies
253 1779 493 1815 possessor
517 1769 731 1816 antiquae
754 1769 1058 1816 parcimoniae
1091 1769 1294 1806 laudibus
1327 1768 1648 1804 cumulabatur.
1689 1765 1840 1823 Ecquid
1873 1765 1993 1814 vides,

76 1817 150 1853 ,hic
171 1818 299 1867 ,longe
329 1817 436 1852 aliud
465 1817 556 1866 agi,¹
578 1830 694 1867 quam
726 1817 893 1854 describi
923 1818 1108 1854 Pallantis
1138 1817 1371 1866 potentiam?
1410 1817 1500 1872 Quo
1532 1816 1634 1852 enim
1669 1815 1826 1852 consilio
1856 1822 1899 1852 tu
1947 1815 1995 1852 is-

75 1866 224 1904 ‹simnm
262 1874 485 1904 senatorum
518 1868 782 1904 Romanorum
818 1867 1090 1905 contumeliam
1124 1866 1295 1905 libertini
1328 1866 1506 1903 hominis‘
1528 1864 1755 1901 immanibus
1784 1865 1921 1901 honori
1950 1876 1994 1901 us

88 1917 271 1968 coniungi
296 1924 337 1953 et
362 1916 511 1966 opponi
541 1917 701 1953 censes?
719 1953 729 1958 K,
744 1918 890 1966 Nempe
927 1918 992 1955 ille
1026 1917 1140 1954 nobis
1171 1917 1404 1954 describitur
1436 1916 1530 1953 adeo
1561 1916 1758 1952 Romanae
1787 1914 1992 1952 maiestatis

87 1966 234 2004 oblitus
262 1966 459 2017 princeps,
481 1974 525 2004 ut
556 1966 814 2004 nobilissimos
842 1967 947 2004 viros
973 1969 1181 2013 Romanos,
1204 1979 1301 2004 cum
1328 1974 1539 2016 paupertate
1570 1972 1855 2014 premerentur,
1881 1964 1989 2015 quod

87 2029 167 2055 non
200 2025 338 2067 sponte
364 2029 412 2054 ex
447 2017 586 2055 ordine
610 2017 843 2054 Senatorum
873 2018 1120 2065 excederent,
1151 2020 1370 2067 impudentes
1395 2022 1566 2065 vocaret,
1590 2015 1765 2066 idemque
1790 2017 1992 2053 servorum

87 2068 255 2118 imperio
284 2075 363 2104 tam
392 2066 589 2117 patiefflter
619 2067 830 2105 obsecutus
861 2067 1055 2117 princeps,
1084 2076 1128 2105 ut
1157 2068 1352 2105 hominem
1383 2066 1608 2103 libertinum
1636 2073 1851 2115 praetorem
1875 2066 1920 2101 P.
1944 2066 1992 2107 R.

74 2117 339 2155 renunciaret
370 2125 405 2155 et
439 2126 620 2169 tanquam
658 2118 841 2169 antiquae
880 2117 1139 2167 parcimoniae
1174 2119 1374 2168 exemplar
1416 2115 1637 2154 collaudare
1673 2128 1749 2153 non
1780 2121 1995 2163 vereretur,

87 2167 194 2219 quod
218 2168 320 2204 intra
345 2168 516 2217 priorem
532 2178 782 2217 paupertatem
807 2177 869 2206 ter
885 2168 1008 2205 milies
1035 2169 1249 2206 sestertium
1269 2180 1467 2218 possessor
1481 2165 1690 2209 subsistere
1706 2166 1849 2214 mallet,
1874 2172 1991 2215 atque

69 2217 220 2259 -eodem
243 2225 435 2270 teu-pore,
462 2231 538 2270 quo
563 2226 762 2257 senatores
788 2218 952 2257 Romani
985 2221 1150 2269 propter
1180 2219 1370 2271 angustias
1396 2216 1602 2255 familiares
1628 2214 1676 2253 ex
1702 2216 1839 2253 ordine
1864 2214 1991 2267 patrio

84 2269 433 2319 proturbarentur,
450 2269 599 2306 centies
630 2270 885 2321 quinquagies
916 2270 1136 2308 sestertium
1161 2270 1264 2308 dono
1289 2268 1536 2320 imperatoris
1560 2266 1729 2306 oblatum
1751 2267 1870 2305 nollet
1894 2264 1993 2303 acci·

83 2319 201 2369 per03
235 2320 314 2366 ille,
346 2320 384 2356 in
417 2332 517 2367 uam,
545 2319 728 2369 princeps
758 2320 873 2356 simili
896 2322 1073 2369 patientia
1104 2321 1274 2358 libertini
1304 2319 1470 2357 hominis
1496 2318 1688 2355 licentiam
1713 2316 1991 2368 provincialem

82 2371 232 2408 laturus
261 2369 372 2410 fratri
387 2333 513 2409 {elici
538 2368 758 2410 videbatur.

467 2455 472 2458 .
885 2421 995 2457 Ann.
1021 2423 1110 2471 xgl,
1134 2421 1195 2461 63.

265 2471 333 2509 Εα
362 2470 545 2523 [oraculi]
575 2470 730 2518 ambage
761 2469 987 2516 Chalcedonii
1009 2473 1312 2518 monstrabantur,
1344 2470 1443 2520 quod
1457 2470 1597 2519 priores
1622 2470 1704 2510 illuc
1726 2469 1872 2517 advecti,
1892 2480 1991 2518 prae»

82 2522 160 2558 visa
182 2522 348 2560 locorum
370 2523 533 2571 utilitate,
552 2524 681 2571 peiora
707 2523 882 2569 legissent.
